<?xml version="1.0" encoding="UTF-8"?>
<?xml-stylesheet type="text/xsl" href="https://www.revistas.usp.br/lib/pkp/xml/oai2.xsl" ?>
<OAI-PMH xmlns="http://www.openarchives.org/OAI/2.0/" xmlns:xsi="http://www.w3.org/2001/XMLSchema-instance" xsi:schemaLocation="http://www.openarchives.org/OAI/2.0/ http://www.openarchives.org/OAI/2.0/OAI-PMH.xsd">
<responseDate>2023-08-07T14:50:11Z</responseDate>
<request verb="ListRecords" metadataPrefix="marcxml" set="actafisiatrica">https://www.revistas.usp.br/actafisiatrica/oai</request>
<ListRecords>
<record>
<header>
<identifier>oai:revistas.usp.br:article/103640</identifier>
<datestamp>2019-10-17T18:24:13Z</datestamp>
<setSpec>actafisiatrica:Art.+Orig.</setSpec>
<setSpec>driver</setSpec>
</header>
<metadata>
<record xmlns="http://www.loc.gov/MARC21/slim" xmlns:xsi="http://www.w3.org/2001/XMLSchema-instance" xsi:schemaLocation="http://www.loc.gov/MARC21/slim http://www.loc.gov/standards/marcxml/schema/MARC21slim.xsd">
<leader>     nmb a2200000Iu 4500</leader>
<controlfield tag="008">"110909 2011                        eng  "</controlfield>
<datafield tag="022" ind1="#" ind2="#">
<subfield code="$a">2317-0190</subfield>
</datafield>
<datafield tag="022" ind1="#" ind2="#">
<subfield code="$a">0104-7795</subfield>
</datafield>
<datafield tag="042" ind1=" " ind2=" ">
<subfield code="a">dc</subfield>
</datafield>
<datafield tag="245" ind1="0" ind2="0">
<subfield code="a">Avaliação do equilíbrio postural sob condição de tarefa única e tarefa dupla em idosas sedentárias e não sedentárias</subfield>
</datafield>  <datafield tag="720" ind1="1" ind2=" ">
<subfield code="a">Carmelo, Verena de Vassimon Barroso</subfield>
<subfield code="u">Centro de Estudos Avançados e Formação Integrada - CEAFI</subfield></datafield>
<datafield tag="720" ind1="1" ind2=" ">
<subfield code="a">Garcia, Patrícia Azevedo</subfield>
<subfield code="u">Universidade de Brasília - UnB</subfield></datafield>
<datafield tag="520" ind1=" " ind2=" ">
<subfield code="a"> Objetivo: Avaliar e comparar o equilíbrio dinâmico sob a condição de tarefa única e de dupla-tarefa de idosas praticantes de exercício físico regular e idosas sedentárias. Métodos:  Amostra composta por 28 idosas, 14 idosas não-sedentárias (67,20±4,21 anos) e 14 idosas sedentárias (68,78±5,26 anos). Para avaliação do equilíbrio e mobilidade foi utilizado o teste Timed Get up and Go simples e associado à tarefa motora (carregar uma bandeja com dois copos plásticos vazios) e à tarefa cognitiva (contar regressivamente a partir de cem). Foram aplicados os testes t-student para amostras independentes e t-student pareado, considerando o nível de  significância de α=0,05. Resultados: Idosas não sedentárias realizaram em tempo significativamente menor que as idosas sedentárias o teste simples (9,40 vs 11,21 segundos; p=0,016) e o teste associado a tarefa motora (9,41 vs 11,81 segundos; p=0,007). Não houve diferença estatisticamente significativa entre as médias do tempo de realização da tarefa cognitiva entre os dois grupos de idosas (p=0,169). No grupo não sedentárias, o tempo para realização da tarefa cognitiva foi significativamente maior do que no teste simples e na tarefa motora (p=0,021 e p=0,014, respectivamente) assim como no grupo sedentárias (p= 0,000 e p=0,002, respectivamente). Nos dois grupos foram observadas correlações significativas positivas moderada a alta entre os desempenhos nos testes simples e duplo cognitivo, simples e duplo motor, duplo motor e duplo cognitivo. Conclusão: Demonstrou a influência positiva da prática de atividade física regular na funcionalidade e o impacto negativo da adição da tarefa cognitiva no equilíbrio e mobilidade de idosas. </subfield>
</datafield>
<datafield tag="260" ind1=" " ind2=" ">
<subfield code="b">Faculdade de Medicina, Universidade de São Paulo</subfield>
</datafield>
<dataField tag="260" ind1=" " ind2=" ">
<subfield code="c">2011-09-09 00:00:00</subfield>
</dataField>   <datafield tag="856" ind1=" " ind2=" ">
<subfield code="q">application/pdf</subfield>
</datafield>
<datafield tag="856" ind1="4" ind2="0">
<subfield code="u">https://www.revistas.usp.br/actafisiatrica/article/view/103640</subfield>
</datafield>  <datafield tag="786" ind1="0" ind2=" ">
<subfield code="n">Acta Fisiátrica; v. 18 n. 3 (2011)</subfield>
</datafield>  <datafield tag="546" ind1=" " ind2=" ">
<subfield code="a">por</subfield>
</datafield>   <datafield tag="540" ind1=" " ind2=" ">
<subfield code="a">Copyright (c) 2011 Acta Fisiátrica</subfield>
</datafield>
</record>
</metadata>
</record>