
<record>
<header>
<identifier>oai:revistas.usp.br:article/103641</identifier>
<datestamp>2019-10-17T18:30:42Z</datestamp>
<setSpec>actafisiatrica:Art.+Orig.</setSpec>
<setSpec>driver</setSpec>
</header>
<metadata>
<record xmlns="http://www.loc.gov/MARC21/slim" xmlns:xsi="http://www.w3.org/2001/XMLSchema-instance" xsi:schemaLocation="http://www.loc.gov/MARC21/slim http://www.loc.gov/standards/marcxml/schema/MARC21slim.xsd">
<leader>     nmb a2200000Iu 4500</leader>
<controlfield tag="008">"110909 2011                        eng  "</controlfield>
<datafield tag="022" ind1="#" ind2="#">
<subfield code="$a">2317-0190</subfield>
</datafield>
<datafield tag="022" ind1="#" ind2="#">
<subfield code="$a">0104-7795</subfield>
</datafield>
<datafield tag="042" ind1=" " ind2=" ">
<subfield code="a">dc</subfield>
</datafield>
<datafield tag="245" ind1="0" ind2="0">
<subfield code="a">Características das vítimas de acidentes motociclisticos atendidas em um centro de reabilitação de referência estadual do sul do Brasil</subfield>
</datafield>  <datafield tag="720" ind1="1" ind2=" ">
<subfield code="a">Schoeller, Soraia Dornelles</subfield>
<subfield code="u">Universidade Federal de Santa Catarina - UFSC</subfield></datafield>
<datafield tag="720" ind1="1" ind2=" ">
<subfield code="a">Bonetti, Albertina</subfield>
<subfield code="u">Universidade Federal de Santa Catarina - UFSC</subfield></datafield>
<datafield tag="720" ind1="1" ind2=" ">
<subfield code="a">Silva, Gelson Aguiar da</subfield>
<subfield code="u">Universidade Federal do Mato Grosso - UFMT</subfield></datafield>
<datafield tag="720" ind1="1" ind2=" ">
<subfield code="a">Rocha, André</subfield>
<subfield code="u">Universidade do Estado de Santa Catarina - UDESC</subfield></datafield>
<datafield tag="720" ind1="1" ind2=" ">
<subfield code="a">Gelbcke, Francine Lima</subfield>
<subfield code="u">Universidade Federal de Santa Catarina - UFSC</subfield></datafield>
<datafield tag="720" ind1="1" ind2=" ">
<subfield code="a">Khan, Patricia</subfield>
<subfield code="u">Centro Catarinense de Reabilitação</subfield></datafield>
<datafield tag="520" ind1=" " ind2=" ">
<subfield code="a"> Esta investigação caracteriza os usuários vítimas de acidentes de moto atendidos em um centro de reabilitação de referência estadual do sul do Brasil. É parte de pesquisa voltada ao trauma raquimedular - TRM. Estudo descritivo e quantitativo. Foram investigadas em 207 prontuários: procedência, idade, sexo, data e causa da lesão. Constatou-se que as vítimas de acidentes motociclísticos são homens (81.09%) jovens, dos quais, 10% menores de 18 anos. Metade dos usuários tiveram lesões extremamente ou muito graves – TRM, traumatismo crânio encefálico e amputação de membros inferiores. O coeficiente de mortalidade por acidentes motociclísticos no Brasil e em Santa Catarina cresceu 250% no período de 2000 a 2009, enquanto o crescimento populacional foi de 16%. Os acidentes motociclísticos constituem-se grave problema de saúde pública pelo número cada vez maior de pessoas atingidas e gravidade das lesões. Urge estabelecer políticas públicas – educação, segurança pública e saúde, objetivando inverter esta tendência. </subfield>
</datafield>
<datafield tag="260" ind1=" " ind2=" ">
<subfield code="b">Faculdade de Medicina, Universidade de São Paulo</subfield>
</datafield>
<dataField tag="260" ind1=" " ind2=" ">
<subfield code="c">2011-09-09 00:00:00</subfield>
</dataField>   <datafield tag="856" ind1=" " ind2=" ">
<subfield code="q">application/pdf</subfield>
</datafield>
<datafield tag="856" ind1="4" ind2="0">
<subfield code="u">https://www.revistas.usp.br/actafisiatrica/article/view/103641</subfield>
</datafield>  <datafield tag="786" ind1="0" ind2=" ">
<subfield code="n">Acta Fisiátrica; v. 18 n. 3 (2011)</subfield>
</datafield>  <datafield tag="546" ind1=" " ind2=" ">
<subfield code="a">por</subfield>
</datafield>   <datafield tag="540" ind1=" " ind2=" ">
<subfield code="a">Copyright (c) 2011 Acta Fisiátrica</subfield>
</datafield>
</record>
</metadata>
</record>