
<record>
<header>
<identifier>oai:revistas.usp.br:article/103642</identifier>
<datestamp>2019-10-17T18:39:09Z</datestamp>
<setSpec>actafisiatrica:Art.+Orig.</setSpec>
<setSpec>driver</setSpec>
</header>
<metadata>
<record xmlns="http://www.loc.gov/MARC21/slim" xmlns:xsi="http://www.w3.org/2001/XMLSchema-instance" xsi:schemaLocation="http://www.loc.gov/MARC21/slim http://www.loc.gov/standards/marcxml/schema/MARC21slim.xsd">
<leader>     nmb a2200000Iu 4500</leader>
<controlfield tag="008">"110909 2011                        eng  "</controlfield>
<datafield tag="022" ind1="#" ind2="#">
<subfield code="$a">2317-0190</subfield>
</datafield>
<datafield tag="022" ind1="#" ind2="#">
<subfield code="$a">0104-7795</subfield>
</datafield>
<datafield tag="042" ind1=" " ind2=" ">
<subfield code="a">dc</subfield>
</datafield>
<datafield tag="245" ind1="0" ind2="0">
<subfield code="a">Relação entre cadência da subida e descida de escada, recuperação motora e equilíbrio em indivíduos com hemiparesia</subfield>
</datafield>  <datafield tag="720" ind1="1" ind2=" ">
<subfield code="a">Amaral-Natalio, Mavie</subfield>
<subfield code="u">Universidade do Estado de Santa Catarina - UDESC</subfield></datafield>
<datafield tag="720" ind1="1" ind2=" ">
<subfield code="a">Nunes, Guilherme da Silva</subfield>
<subfield code="u">Universidade do Estado de Santa Catarina - UDESC</subfield></datafield>
<datafield tag="720" ind1="1" ind2=" ">
<subfield code="a">Herber, Vanessa</subfield>
<subfield code="u">Universidade do Estado de Santa Catarina - UDESC</subfield></datafield>
<datafield tag="720" ind1="1" ind2=" ">
<subfield code="a">Michaelsen, Stella Maris</subfield>
<subfield code="u">Universidade do Estado de Santa Catarina - UDESC</subfield></datafield>
<datafield tag="520" ind1=" " ind2=" ">
<subfield code="a"> Objetivo: Verificar a relação entre a cadência de subida e descida de escada, e os graus de recuperação motora de membros inferiores e de equilíbrio dinâmico de indivíduos com hemiparesia. Método: Participaram do estudo 16 indivíduos com hemiparesia devido AVE, sendo 13 homens, com idade média de 56,6±12,6 anos. A cadência de subida e descida de escada foi mensurada através do tempo decorrido (degraus/minuto), separadamente, para subir e descer uma escada de 4 degraus (altura: 17 cm), em velocidade confortável. Resultados: A média da cadência de subida de escada foi 60,4±22,6 degraus/minuto e a de descida de escada foi 58,7±23,6 degraus/minuto. O grau de recuperação motora de membros inferiores foi de 24,8±5,2 pontos na Escala Fugl-Meyer, e a média no TUG foi de 19,8±23,1 segundos. Foi verificada correlação moderada entre a medida de cadência de subida de escada e os graus de recuperação motora (r=0,60, p=0,01) e de equilíbrio dinâmico (r= -0,61, p=0,01). Da mesma forma, a medida de cadência de descida de escada apresentou correlação moderada com o grau de recuperação motora (r=0,58, p=0,02), e com o grau de equilíbrio dinâmico (r= -0,64, p=0,007). Verificou-se que o grau de recuperação motora compartilha 36% de variância com a medida da cadência de subida de escada e 33% com a cadência de descida. Conclusões: A habilidade de subir e descer escada apresenta relação com a recuperação motora de membros inferiores, sendo que o equilíbrio dinâmico apresenta maior associação com a cadência de descida de escada em indivíduos com hemiparesia. </subfield>
</datafield>
<datafield tag="260" ind1=" " ind2=" ">
<subfield code="b">Faculdade de Medicina, Universidade de São Paulo</subfield>
</datafield>
<dataField tag="260" ind1=" " ind2=" ">
<subfield code="c">2011-09-09 00:00:00</subfield>
</dataField>   <datafield tag="856" ind1=" " ind2=" ">
<subfield code="q">application/pdf</subfield>
</datafield>
<datafield tag="856" ind1="4" ind2="0">
<subfield code="u">https://www.revistas.usp.br/actafisiatrica/article/view/103642</subfield>
</datafield>  <datafield tag="786" ind1="0" ind2=" ">
<subfield code="n">Acta Fisiátrica; v. 18 n. 3 (2011)</subfield>
</datafield>  <datafield tag="546" ind1=" " ind2=" ">
<subfield code="a">por</subfield>
</datafield>   <datafield tag="540" ind1=" " ind2=" ">
<subfield code="a">Copyright (c) 2011 Acta Fisiátrica</subfield>
</datafield>
</record>
</metadata>
</record>