
<record>
<header>
<identifier>oai:revistas.usp.br:article/103643</identifier>
<datestamp>2019-10-17T18:44:39Z</datestamp>
<setSpec>actafisiatrica:Art.+Rev.</setSpec>
<setSpec>driver</setSpec>
</header>
<metadata>
<record xmlns="http://www.loc.gov/MARC21/slim" xmlns:xsi="http://www.w3.org/2001/XMLSchema-instance" xsi:schemaLocation="http://www.loc.gov/MARC21/slim http://www.loc.gov/standards/marcxml/schema/MARC21slim.xsd">
<leader>     nmb a2200000Iu 4500</leader>
<controlfield tag="008">"110909 2011                        eng  "</controlfield>
<datafield tag="022" ind1="#" ind2="#">
<subfield code="$a">2317-0190</subfield>
</datafield>
<datafield tag="022" ind1="#" ind2="#">
<subfield code="$a">0104-7795</subfield>
</datafield>
<datafield tag="042" ind1=" " ind2=" ">
<subfield code="a">dc</subfield>
</datafield>
<datafield tag="245" ind1="0" ind2="0">
<subfield code="a">Contribuições da terapia da mão na paralisia cerebral: uma revisão sistemática</subfield>
</datafield>  <datafield tag="720" ind1="1" ind2=" ">
<subfield code="a">Oliveira, Alyne Kalyane Câmara de</subfield>
<subfield code="u">Universidade Federal de São Carlos - UFSCar</subfield></datafield>
<datafield tag="720" ind1="1" ind2=" ">
<subfield code="a">Silva, Mariana Seabra da</subfield>
<subfield code="u">Universidade Federal de São Carlos - UFSCar</subfield></datafield>
<datafield tag="720" ind1="1" ind2=" ">
<subfield code="a">De Grande, Alaine Aparecida Benetti</subfield>
<subfield code="u">Universidade Potiguar - UnP</subfield></datafield>
<datafield tag="720" ind1="1" ind2=" ">
<subfield code="a">Ferrigno, Iracema Serrat Vergotti</subfield>
<subfield code="u">Universidade Federal de São Carlos - UFSCar</subfield></datafield>
<datafield tag="520" ind1=" " ind2=" ">
<subfield code="a"> Este trabalho teve como objetivo identificar contribuições da área da terapia da mão para pessoas com paralisia cerebral, disponível na literatura bibliográfica nacional e internacional on-line, analisando a produção existente e verificando a existência de trabalhos estruturados. Configurou-se como sendo um estudo descritivo, retrospectivo, através critérios de revisão sistemática da literatura para coleta, seleção e análise dos dados. A busca foi realizada no período de fevereiro de 2010 a janeiro de 2011, nas bases de dados LILACS, MEDLINE, BIREME, SCOPUS e CINAHL, publicados em português e inglês, no período de 2003 a 2010. Onze artigos foram incluídos na revisão e utilizou-se um formulário elaborado pelas pesquisadoras para avaliá-los conforme a caracterização e qualidade das informações contidas. Os resultados evidenciaram que os assuntos com maior enfoque na amostra foram sobre intervenção ortótica, estimulação elétrica neuromuscular, toxina botulínica e função manual. Apesar de contribuírem com o conhecimento sobre intervenções na paralisia cerebral, os estudos não citam claramente os achados como contribuições da especialidade terapia da mão sobre o tema, e limitações metodológicas foram encontradas, inferindo-se a necessidade de maior rigor metodológico e qualidade das informações nos trabalhos científicos. </subfield>
</datafield>
<datafield tag="260" ind1=" " ind2=" ">
<subfield code="b">Faculdade de Medicina, Universidade de São Paulo</subfield>
</datafield>
<dataField tag="260" ind1=" " ind2=" ">
<subfield code="c">2011-09-09 00:00:00</subfield>
</dataField>   <datafield tag="856" ind1=" " ind2=" ">
<subfield code="q">application/pdf</subfield>
</datafield>
<datafield tag="856" ind1="4" ind2="0">
<subfield code="u">https://www.revistas.usp.br/actafisiatrica/article/view/103643</subfield>
</datafield>  <datafield tag="786" ind1="0" ind2=" ">
<subfield code="n">Acta Fisiátrica; v. 18 n. 3 (2011)</subfield>
</datafield>  <datafield tag="546" ind1=" " ind2=" ">
<subfield code="a">por</subfield>
</datafield>   <datafield tag="540" ind1=" " ind2=" ">
<subfield code="a">Copyright (c) 2011 Acta Fisiátrica</subfield>
</datafield>
</record>
</metadata>
</record>