
<record>
<header>
<identifier>oai:revistas.usp.br:article/103644</identifier>
<datestamp>2019-10-17T18:47:31Z</datestamp>
<setSpec>actafisiatrica:Rel.+Caso</setSpec>
<setSpec>driver</setSpec>
</header>
<metadata>
<record xmlns="http://www.loc.gov/MARC21/slim" xmlns:xsi="http://www.w3.org/2001/XMLSchema-instance" xsi:schemaLocation="http://www.loc.gov/MARC21/slim http://www.loc.gov/standards/marcxml/schema/MARC21slim.xsd">
<leader>     nmb a2200000Iu 4500</leader>
<controlfield tag="008">"110909 2011                        eng  "</controlfield>
<datafield tag="022" ind1="#" ind2="#">
<subfield code="$a">2317-0190</subfield>
</datafield>
<datafield tag="022" ind1="#" ind2="#">
<subfield code="$a">0104-7795</subfield>
</datafield>
<datafield tag="042" ind1=" " ind2=" ">
<subfield code="a">dc</subfield>
</datafield>
<datafield tag="245" ind1="0" ind2="0">
<subfield code="a">Reabilitação virtual através do videogame: relato de caso no tratamento de um paciente com lesão alta dos nervos mediano e ulnar</subfield>
</datafield>  <datafield tag="720" ind1="1" ind2=" ">
<subfield code="a">De Grande, Alaine Aparecida Benetti</subfield>
<subfield code="u">Universidade Potiguar - UnP</subfield></datafield>
<datafield tag="720" ind1="1" ind2=" ">
<subfield code="a">Galvão, Fábio Ricardo de Oliveira</subfield>
<subfield code="u">Universidade Potiguar - UnP</subfield></datafield>
<datafield tag="720" ind1="1" ind2=" ">
<subfield code="a">Gondim, Luiz Carlos Alves</subfield>
<subfield code="u">Universidade Potiguar - UnP</subfield></datafield>
<datafield tag="520" ind1=" " ind2=" ">
<subfield code="a"> Este estudo teve como objetivo verificar o uso da reabilitação virtual, como recurso terapêutico ocupacional, em um paciente com lesão alta dos nervos mediano e ulnar, bem como descrever e comparar os graus da amplitude de movimento das articulações do membro lesado. Trata- se de uma pesquisa do tipo longitudinal com um paciente de 09 anos de idade, sexo masculino, diagnosticado com lesão nervosa, na Clínica Escola de Terapia Ocupacional da Universidade Potiguar, no período de maio a setembro de 2010. Nos 13 encontros, foram utilizados televisão, o videogame Nintendo® Wii e quatro jogos e um goniômetro como instrumentos de intervenção e coleta de dados. Na reavaliação, observou-se a movimentação ativa e o aumento da amplitude de movimento em todas as articulações medidas: cotovelo em flexão e extensão; antebraço em pronação e supinação; punho em flexão, extensão, desvio ulnar e desvio radial; polegar em flexão de metacarpofalangiana, flexão interfalangiana, abdução e estágio III de oponência (Kapangji); II, III, IV e V quirodátilos. Os metacarpos apresentaram ganhos em flexão e extensão. Os resultados desse estudo evidenciaram a eficácia do videogame, comprovado através da avaliação goniométrica. O indivíduo estudado voltou a realizar as atividades de vida diária de forma independente e retornou as suas atividades esportivas de forma competitiva. </subfield>
</datafield>
<datafield tag="260" ind1=" " ind2=" ">
<subfield code="b">Faculdade de Medicina, Universidade de São Paulo</subfield>
</datafield>
<dataField tag="260" ind1=" " ind2=" ">
<subfield code="c">2011-09-09 00:00:00</subfield>
</dataField>   <datafield tag="856" ind1=" " ind2=" ">
<subfield code="q">application/pdf</subfield>
</datafield>
<datafield tag="856" ind1="4" ind2="0">
<subfield code="u">https://www.revistas.usp.br/actafisiatrica/article/view/103644</subfield>
</datafield>  <datafield tag="786" ind1="0" ind2=" ">
<subfield code="n">Acta Fisiátrica; v. 18 n. 3 (2011)</subfield>
</datafield>  <datafield tag="546" ind1=" " ind2=" ">
<subfield code="a">por</subfield>
</datafield>   <datafield tag="540" ind1=" " ind2=" ">
<subfield code="a">Copyright (c) 2011 Acta Fisiátrica</subfield>
</datafield>
</record>
</metadata>
</record>