
<record>
<header>
<identifier>oai:revistas.usp.br:article/103658</identifier>
<datestamp>2019-10-17T15:09:22Z</datestamp>
<setSpec>actafisiatrica:Art.+Orig.</setSpec>
<setSpec>driver</setSpec>
</header>
<metadata>
<record xmlns="http://www.loc.gov/MARC21/slim" xmlns:xsi="http://www.w3.org/2001/XMLSchema-instance" xsi:schemaLocation="http://www.loc.gov/MARC21/slim http://www.loc.gov/standards/marcxml/schema/MARC21slim.xsd">
<leader>     nmb a2200000Iu 4500</leader>
<controlfield tag="008">"111209 2011                        eng  "</controlfield>
<datafield tag="022" ind1="#" ind2="#">
<subfield code="$a">2317-0190</subfield>
</datafield>
<datafield tag="022" ind1="#" ind2="#">
<subfield code="$a">0104-7795</subfield>
</datafield>
<datafield tag="042" ind1=" " ind2=" ">
<subfield code="a">dc</subfield>
</datafield>
<datafield tag="245" ind1="0" ind2="0">
<subfield code="a">Estudo retrospectivo do estado funcional de pacientes com fratura do rádio distal submetidos à osteossíntese com placa LCP</subfield>
</datafield>  <datafield tag="720" ind1="1" ind2=" ">
<subfield code="a">Clé, Paula Guaraldo Villa</subfield>
<subfield code="u">Universidade de São Paulo. Faculdade de Medicina de Ribeirão Preto</subfield></datafield>
<datafield tag="720" ind1="1" ind2=" ">
<subfield code="a">Tasso, Luiz Eduardo</subfield>
<subfield code="u">Universidade de São Paulo. Faculdade de Medicina de Ribeirão Preto</subfield></datafield>
<datafield tag="720" ind1="1" ind2=" ">
<subfield code="a">Barbosa, Rafael Inácio</subfield>
</datafield>
<datafield tag="720" ind1="1" ind2=" ">
<subfield code="a">Fonseca, Marisa de Cássia Registro</subfield>
</datafield>
<datafield tag="720" ind1="1" ind2=" ">
<subfield code="a">Elui, Valéria Meirelles Carril</subfield>
<subfield code="u">Universidade de São Paulo. Faculdade de Medicina de Ribeirão Preto</subfield></datafield>
<datafield tag="720" ind1="1" ind2=" ">
<subfield code="a">Roncaglia, Frederico Balbão</subfield>
<subfield code="u">Universidade de São Paulo. Faculdade de Medicina de Ribeirão Preto</subfield></datafield>
<datafield tag="720" ind1="1" ind2=" ">
<subfield code="a">Mazzer, Nilton</subfield>
<subfield code="u">Universidade de São Paulo. Faculdade de Medicina de Ribeirão Preto</subfield></datafield>
<datafield tag="720" ind1="1" ind2=" ">
<subfield code="a">Barbieri, Cláudio Henrique</subfield>
<subfield code="u">Universidade de São Paulo. Faculdade de Medicina de Ribeirão Preto</subfield></datafield>
<datafield tag="520" ind1=" " ind2=" ">
<subfield code="a"> Distal radius fractures are the most common fractures of the human skeleton, accounting for one sixth of all fractures. For his treatment, there are several surgical techniques and synthesizing materials that can be used, however, the use of a volar plate has been proven effective and haspresented few complications. Objective: Here was to make a retrospective study of thefunctionality of patients with distal radius fracture after internal fixation with an LCP volar plate that went through a rehabilitation program. Method: The sample consisted of 14 patients with unilateral distal radius fracture who underwent internal fixation with a 2.4 mm or 3.5 mm LCP volar plate who completed 1 year after surgery in 2010. The subjects were divided into two groups: affected group (n = 14), composed of fractured wrists; control group (n = 14) composed of the contralateral wrists. Measurements were made of active and passive range of motion (ROM) of the wrist, grip strength, pinch grip strength, and a questionnaire of disabilities of the arm, shoulder, and hand (DASH). The data was analyzed to compare the affected and controlgroups, through tests of significance of two independent samples for means. Results: The average for the DASH questionnaire was 10.63 points (± 12.23). For measures of grip strength, pinch grip strength, and ROM, there were no significant differences in comparison groups (p &gt; 0.05). Conclusion: We concluded that after one year post-surgery, patients showed similar results when comparing the wrists, which shows a satisfactory recovery of functional status. </subfield>
</datafield>
<datafield tag="260" ind1=" " ind2=" ">
<subfield code="b">Faculdade de Medicina, Universidade de São Paulo</subfield>
</datafield>
<dataField tag="260" ind1=" " ind2=" ">
<subfield code="c">2011-12-09 00:00:00</subfield>
</dataField>   <datafield tag="856" ind1=" " ind2=" ">
<subfield code="q">application/pdf</subfield>
</datafield>
<datafield tag="856" ind1=" " ind2=" ">
<subfield code="q">application/pdf</subfield>
</datafield>
<datafield tag="856" ind1="4" ind2="0">
<subfield code="u">https://www.revistas.usp.br/actafisiatrica/article/view/103658</subfield>
</datafield>  <datafield tag="786" ind1="0" ind2=" ">
<subfield code="n">Acta Fisiátrica; v. 18 n. 4 (2011)</subfield>
</datafield>  <datafield tag="546" ind1=" " ind2=" ">
<subfield code="a">eng</subfield>
</datafield>   <datafield tag="540" ind1=" " ind2=" ">
<subfield code="a">Copyright (c) 2011 Acta Fisiátrica</subfield>
</datafield>
</record>
</metadata>
</record>