
<record>
<header>
<identifier>oai:revistas.usp.br:article/103659</identifier>
<datestamp>2019-10-17T15:25:17Z</datestamp>
<setSpec>actafisiatrica:Art.+Orig.</setSpec>
<setSpec>driver</setSpec>
</header>
<metadata>
<record xmlns="http://www.loc.gov/MARC21/slim" xmlns:xsi="http://www.w3.org/2001/XMLSchema-instance" xsi:schemaLocation="http://www.loc.gov/MARC21/slim http://www.loc.gov/standards/marcxml/schema/MARC21slim.xsd">
<leader>     nmb a2200000Iu 4500</leader>
<controlfield tag="008">"111209 2011                        eng  "</controlfield>
<datafield tag="022" ind1="#" ind2="#">
<subfield code="$a">2317-0190</subfield>
</datafield>
<datafield tag="022" ind1="#" ind2="#">
<subfield code="$a">0104-7795</subfield>
</datafield>
<datafield tag="042" ind1=" " ind2=" ">
<subfield code="a">dc</subfield>
</datafield>
<datafield tag="245" ind1="0" ind2="0">
<subfield code="a">Estado cognitivo dos usuários com AVE na atenção primária à saúde em João Pessoa - PB</subfield>
</datafield>  <datafield tag="720" ind1="1" ind2=" ">
<subfield code="a">Mendes, Luciana Moura</subfield>
<subfield code="u">Universidade Federal da Paraíba - UFPB</subfield></datafield>
<datafield tag="720" ind1="1" ind2=" ">
<subfield code="a">Neves, Robson da Fonseca</subfield>
<subfield code="u">Universidade Federal da Paraíba - UFPB</subfield></datafield>
<datafield tag="720" ind1="1" ind2=" ">
<subfield code="a">Ribeiro, Kátia Suely Queiroz Silva</subfield>
<subfield code="u">Universidade Federal da Paraíba - UFPB</subfield></datafield>
<datafield tag="720" ind1="1" ind2=" ">
<subfield code="a">Brito, Geraldo Eduardo Guedes de</subfield>
<subfield code="u">Universidade Federal da Paraíba - UFPB</subfield></datafield>
<datafield tag="720" ind1="1" ind2=" ">
<subfield code="a">Lucena, Eleazar Marinho de Freitas</subfield>
<subfield code="u">Universidade Federal da Paraíba - UFPB</subfield></datafield>
<datafield tag="720" ind1="1" ind2=" ">
<subfield code="a">Batista, Hermínio Rafael Lopes</subfield>
<subfield code="u">Universidade Federal da Paraíba - UFPB</subfield></datafield>
<datafield tag="720" ind1="1" ind2=" ">
<subfield code="a">Morais, Jairo Domingos de</subfield>
<subfield code="u">Universidade Federal da Paraíba - UFPB</subfield></datafield>
<datafield tag="520" ind1=" " ind2=" ">
<subfield code="a"> Cerebrovascular Accident orStroke (CVA) has a high prevalence worldwide causing neurological disability in adults. Cognitive deficit is one of the most important consequences, since its recognition is difficult and thus may interfere with the rehabilitation process and lead to impacts on the life quality of affected people. Objective: The goal was to estimate the prevalence of cognitive impairment in stroke among those with Primary Health Care (PHC), as well as to describe the clinical and sociodemographic characteristics, and the cognitive dimensions affected. Method: This was a cross-sectional study carried out in the city of João Pessoa - PB with 140 people enrolled in the Family Health Program that had been affected by stroke within the previous five years. Results: Over half of the people studied had manifestations suggesting cognitive impairment (54.9%) in the following dimensions: memory recall (70%), attention and calculation (60%), and read and apply (60%). In addition, the majority was elderly (73.1%) and, regarding the clinical characteristics of stroke, had declared that in the previous five years had had only one episode (64.2%) triggered in the last 13 months or more (76.1%). Also, half of the participants (50.7%) were unable to tell us the type of stroke they had suffered. Conclusion: The cognitive dimensions affected by stroke require further investigation in order to provide more funding to improve the assistance provided under the PHC. </subfield>
</datafield>
<datafield tag="260" ind1=" " ind2=" ">
<subfield code="b">Faculdade de Medicina, Universidade de São Paulo</subfield>
</datafield>
<dataField tag="260" ind1=" " ind2=" ">
<subfield code="c">2011-12-09 00:00:00</subfield>
</dataField>   <datafield tag="856" ind1=" " ind2=" ">
<subfield code="q">application/pdf</subfield>
</datafield>
<datafield tag="856" ind1=" " ind2=" ">
<subfield code="q">application/pdf</subfield>
</datafield>
<datafield tag="856" ind1="4" ind2="0">
<subfield code="u">https://www.revistas.usp.br/actafisiatrica/article/view/103659</subfield>
</datafield>  <datafield tag="786" ind1="0" ind2=" ">
<subfield code="n">Acta Fisiátrica; v. 18 n. 4 (2011)</subfield>
</datafield>  <datafield tag="546" ind1=" " ind2=" ">
<subfield code="a">eng</subfield>
</datafield>   <datafield tag="540" ind1=" " ind2=" ">
<subfield code="a">Copyright (c) 2011 Acta Fisiátrica</subfield>
</datafield>
</record>
</metadata>
</record>