
<record>
<header>
<identifier>oai:revistas.usp.br:article/103661</identifier>
<datestamp>2019-11-21T21:41:47Z</datestamp>
<setSpec>actafisiatrica:Art.+Orig.</setSpec>
<setSpec>driver</setSpec>
</header>
<metadata>
<record xmlns="http://www.loc.gov/MARC21/slim" xmlns:xsi="http://www.w3.org/2001/XMLSchema-instance" xsi:schemaLocation="http://www.loc.gov/MARC21/slim http://www.loc.gov/standards/marcxml/schema/MARC21slim.xsd">
<leader>     nmb a2200000Iu 4500</leader>
<controlfield tag="008">"111209 2011                        eng  "</controlfield>
<datafield tag="022" ind1="#" ind2="#">
<subfield code="$a">2317-0190</subfield>
</datafield>
<datafield tag="022" ind1="#" ind2="#">
<subfield code="$a">0104-7795</subfield>
</datafield>
<datafield tag="042" ind1=" " ind2=" ">
<subfield code="a">dc</subfield>
</datafield>
<datafield tag="245" ind1="0" ind2="0">
<subfield code="a">Protocolo de cuidado à saúde da pessoa com Síndrome de Down - IMREA/HCFMUSP</subfield>
</datafield>  <datafield tag="720" ind1="1" ind2=" ">
<subfield code="a">Tempski, Patricia Zen</subfield>
<subfield code="u">Universidade de São Paulo. Faculdade de Medicina, Instituto de Medicina Física e Reabilitação</subfield></datafield>
<datafield tag="720" ind1="1" ind2=" ">
<subfield code="a">Miyahara, Kátia Lina</subfield>
<subfield code="u">Universidade de São Paulo. Faculdade de Medicina, Instituto de Medicina Física e Reabilitação</subfield></datafield>
<datafield tag="720" ind1="1" ind2=" ">
<subfield code="a">Almeida, Munique Dias</subfield>
<subfield code="u">Universidade de São Paulo. Faculdade de Medicina, Instituto de Medicina Física e Reabilitação</subfield></datafield>
<datafield tag="720" ind1="1" ind2=" ">
<subfield code="a">Oliveira, Ricardo Bocatto de</subfield>
<subfield code="u">Universidade de São Paulo. Faculdade de Medicina, Instituto de Medicina Física e Reabilitação</subfield></datafield>
<datafield tag="720" ind1="1" ind2=" ">
<subfield code="a">Oyakawa, Aline</subfield>
<subfield code="u">Universidade de São Paulo. Faculdade de Medicina, Instituto de Medicina Física e Reabilitação</subfield></datafield>
<datafield tag="720" ind1="1" ind2=" ">
<subfield code="a">Battistella, Linamara Rizzo</subfield>
<subfield code="u">Universidade de São Paulo. Faculdade de Medicina</subfield><subfield code="0">https://orcid.org/0000-0001-5275-0733</subfield></datafield>
<datafield tag="520" ind1=" " ind2=" ">
<subfield code="a"> A Síndrome de Down (SD) ou trissomia do cromossomo 21 é a cromossomopatia mais comum no ser humano, acontece independente de sexo, etnia ou classe social. No Brasil, nasce aproximadamente uma criança com SD para cada 700 nascimentos. Sabe-se que as pessoas com síndrome de Down, quando bem atendidas e estimuladas, têm potencial para plena inclusão social. Este protocolo foi elaborado pela equipe multiprofissional de Cuidado à Saúde da Pessoa com síndrome de Down do Instituto de Medicina Física e Reabilitação do Hospital das Clínicas da Faculdade de Medicina da Universidade de São Paulo. Objetivo: Oferecer orientações para o cuidado à saúde da pessoa com Síndrome de Down, nos diferentes níveis de atenção a saúde, em todo o seu ciclo vital. Método: A elaboração do protocolo de cuidado integral à saúde da pessoa com síndrome de Down baseou-se em buscas no sistema PubMed, SciELO e no Cochrane Database of Systematic Reviews utilizando como palavras chaves: “Down Syndrome” e “Síndrome de Down”; “Trisomy 21”, “Trisomíadel Cromosoma 21” e “Trissomia do Cromossomo 21” e “Growth”, “Desarollo” e “Crescimento”. Resultados: Os artigos revistos foram publicados no período de 1972 a 2011 e limitados às línguas: inglesa, espanhola e portuguesa. Priorizamos revisões sistemáticas e metanálises. Foram incluídos também registros prévios a 1972 considerados históricos. Conclusão: Os dados foram analisados por um grupo de especialistas que discutiu os resultados e elaborou este protocolo. </subfield>
</datafield>
<datafield tag="260" ind1=" " ind2=" ">
<subfield code="b">Faculdade de Medicina, Universidade de São Paulo</subfield>
</datafield>
<dataField tag="260" ind1=" " ind2=" ">
<subfield code="c">2011-12-09 00:00:00</subfield>
</dataField>   <datafield tag="856" ind1=" " ind2=" ">
<subfield code="q">application/pdf</subfield>
</datafield>
<datafield tag="856" ind1=" " ind2=" ">
<subfield code="q">application/pdf</subfield>
</datafield>
<datafield tag="856" ind1="4" ind2="0">
<subfield code="u">https://www.revistas.usp.br/actafisiatrica/article/view/103661</subfield>
</datafield>  <datafield tag="786" ind1="0" ind2=" ">
<subfield code="n">Acta Fisiátrica; v. 18 n. 4 (2011)</subfield>
</datafield>  <datafield tag="546" ind1=" " ind2=" ">
<subfield code="a">por</subfield>
</datafield>   <datafield tag="540" ind1=" " ind2=" ">
<subfield code="a">Copyright (c) 2011 Acta Fisiátrica</subfield>
</datafield>
</record>
</metadata>
</record>