
<record>
<header>
<identifier>oai:revistas.usp.br:article/103663</identifier>
<datestamp>2019-10-17T16:44:01Z</datestamp>
<setSpec>actafisiatrica:Art.+Orig.</setSpec>
<setSpec>driver</setSpec>
</header>
<metadata>
<record xmlns="http://www.loc.gov/MARC21/slim" xmlns:xsi="http://www.w3.org/2001/XMLSchema-instance" xsi:schemaLocation="http://www.loc.gov/MARC21/slim http://www.loc.gov/standards/marcxml/schema/MARC21slim.xsd">
<leader>     nmb a2200000Iu 4500</leader>
<controlfield tag="008">"111209 2011                        eng  "</controlfield>
<datafield tag="022" ind1="#" ind2="#">
<subfield code="$a">2317-0190</subfield>
</datafield>
<datafield tag="022" ind1="#" ind2="#">
<subfield code="$a">0104-7795</subfield>
</datafield>
<datafield tag="042" ind1=" " ind2=" ">
<subfield code="a">dc</subfield>
</datafield>
<datafield tag="245" ind1="0" ind2="0">
<subfield code="a">Avaliação do comportamento lúdico da criança com paralisia cerebral e da percepção de seus cuidadores</subfield>
</datafield>  <datafield tag="720" ind1="1" ind2=" ">
<subfield code="a">Zaguini, Camila Gomes Silva</subfield>
<subfield code="u">Faculdade de Medicina de São José do Rio Preto - FAMERP</subfield></datafield>
<datafield tag="720" ind1="1" ind2=" ">
<subfield code="a">Bianchin, Maysa Alahmar</subfield>
<subfield code="u">Faculdade de Medicina de São José do Rio Preto - FAMERP </subfield></datafield>
<datafield tag="720" ind1="1" ind2=" ">
<subfield code="a">Lucato Junior, Rui Vicente</subfield>
<subfield code="u">Faculdade de Medicina de São José do Rio Preto - FAMERP</subfield></datafield>
<datafield tag="720" ind1="1" ind2=" ">
<subfield code="a">Chueire, Regina Helena Morganti Fornari</subfield>
<subfield code="u">Faculdade de Medicina de São José do Rio Preto - FAMERP</subfield></datafield>
<datafield tag="520" ind1=" " ind2=" ">
<subfield code="a"> For children, playing helps develop their abilities and in acquiring action and adaptation strategies. Depending on the diagnosis, on the associated or non-associated disturbances, the child with Cerebral Palsy may have difficulties in acquiring general abilities during his or her development, including playing. Objective: We sought to evaluate the ludic behavior of the child with Cerebral Palsy and to verify their caretakers’ perceptions towards the ludic action of the child, so as to offer them occupational treatment later on. Method: The research was quantitative, qualitative, and transversal. For collecting data, the authors used: Initial Interview with parents and the child’s ludic behavior Evaluation. Results: Through the interview we noticed that 90% of them became interested by the presence of other children, that the majority of the materials used by them during playing were those with audible stimuli (90%), and according to their styles of expression, the majority (31.5%) expressed themselves by gestures according to their need –25% by facial expressions. Following their interests, 42.5% of the children expressed themselves with words and 55% always showed attitudes towards playing. When evaluating the subject, we noticed that 69.1% showed an attitude in playing and only 64% presented some ability for playfulness. Conclusion: The study showed that the Initial Interview with Parents was fundamental in helping evaluate the Ludic Behavior. With this evaluation we could observe that their ludic ability is unlimited, but that it does not interfere in the interest or in the ludic attitude of the child. In that manner, playing is essential as a resource in Occupational Therapy for the rehabilitation of children with Cerebral Palsy. </subfield>
</datafield>
<datafield tag="260" ind1=" " ind2=" ">
<subfield code="b">Faculdade de Medicina, Universidade de São Paulo</subfield>
</datafield>
<dataField tag="260" ind1=" " ind2=" ">
<subfield code="c">2011-12-09 00:00:00</subfield>
</dataField>   <datafield tag="856" ind1=" " ind2=" ">
<subfield code="q">application/pdf</subfield>
</datafield>
<datafield tag="856" ind1=" " ind2=" ">
<subfield code="q">application/pdf</subfield>
</datafield>
<datafield tag="856" ind1="4" ind2="0">
<subfield code="u">https://www.revistas.usp.br/actafisiatrica/article/view/103663</subfield>
</datafield>  <datafield tag="786" ind1="0" ind2=" ">
<subfield code="n">Acta Fisiátrica; v. 18 n. 4 (2011)</subfield>
</datafield>  <datafield tag="546" ind1=" " ind2=" ">
<subfield code="a">eng</subfield>
</datafield>   <datafield tag="540" ind1=" " ind2=" ">
<subfield code="a">Copyright (c) 2011 Acta Fisiátrica</subfield>
</datafield>
</record>
</metadata>
</record>