
<record>
<header>
<identifier>oai:revistas.usp.br:article/103664</identifier>
<datestamp>2019-10-17T16:49:14Z</datestamp>
<setSpec>actafisiatrica:Art.+Orig.</setSpec>
<setSpec>driver</setSpec>
</header>
<metadata>
<record xmlns="http://www.loc.gov/MARC21/slim" xmlns:xsi="http://www.w3.org/2001/XMLSchema-instance" xsi:schemaLocation="http://www.loc.gov/MARC21/slim http://www.loc.gov/standards/marcxml/schema/MARC21slim.xsd">
<leader>     nmb a2200000Iu 4500</leader>
<controlfield tag="008">"111209 2011                        eng  "</controlfield>
<datafield tag="022" ind1="#" ind2="#">
<subfield code="$a">2317-0190</subfield>
</datafield>
<datafield tag="022" ind1="#" ind2="#">
<subfield code="$a">0104-7795</subfield>
</datafield>
<datafield tag="042" ind1=" " ind2=" ">
<subfield code="a">dc</subfield>
</datafield>
<datafield tag="245" ind1="0" ind2="0">
<subfield code="a">Prevalência da síndrome do Túnel do Carpo em usuários de cadeira de rodas devido à lesão medular</subfield>
</datafield>  <datafield tag="720" ind1="1" ind2=" ">
<subfield code="a">Nunes, Lucas Martins de Exel</subfield>
<subfield code="u">Universidade de São Paulo. Faculdade de Medicina</subfield></datafield>
<datafield tag="720" ind1="1" ind2=" ">
<subfield code="a">Raimundo, Verônica Magalhães</subfield>
<subfield code="u">Universidade de São Paulo. Faculdade de Medicina</subfield></datafield>
<datafield tag="720" ind1="1" ind2=" ">
<subfield code="a">Cordeiro, Quirino</subfield>
<subfield code="u">Faculdade de Ciências Médicas da Santa Casa de São Paulo</subfield></datafield>
<datafield tag="720" ind1="1" ind2=" ">
<subfield code="a">Guerrini, Karen Fraga Moreira</subfield>
<subfield code="u">Universidade de São Paulo. Faculdade de Medicina</subfield></datafield>
<datafield tag="720" ind1="1" ind2=" ">
<subfield code="a">Ramos, Arquimedes de Moura</subfield>
<subfield code="u">Universidade de São Paulo. Faculdade de Medicina</subfield></datafield>
<datafield tag="720" ind1="1" ind2=" ">
<subfield code="a">Chung, Tae Mo</subfield>
<subfield code="u">Universidade de São Paulo. Faculdade de Medicina</subfield></datafield>
<datafield tag="720" ind1="1" ind2=" ">
<subfield code="a">Riberto, Marcelo</subfield>
<subfield code="u">Universidade de São Paulo. Faculdade de Medicina de Ribeirão Preto</subfield><subfield code="0">https://orcid.org/0000-0001-9549-8830</subfield></datafield>
<datafield tag="520" ind1=" " ind2=" ">
<subfield code="a"> Medullary lesions create numerous functional limitations directly related to the loss of nervous functions. However, the mechanics associated with the use of a wheelchair impose a load on the upper limbs that seems to be linked to secondary lesions in the tendinous and nervous structures. Objective: This study seeks to evaluate the appearance of signs of electromyographic impairments of the median nerve around the carpal tunnel in individuals who use wheelchairs due to medullary lesion. Method: Following a transversal design, all the individuals with medullary lesion in the rehabilitation program at the HC-FMUSP Institute of Physical Medicine and Rehabilitation in the year 2010 were submitted to a study of nervous conduction and electromyography. Those findings were correlated with biodemographic and clinical variables, as well as to characteristics of the use of wheelchairs. Results: Twenty-eight (28) individuals were evaluated, with an average age of 41.4 years (60.7% males). Most patients moved the wheelchair for less than four hours and would move it less than 500 meters a day. An absence of painful symptoms was found in 67.9%, while only 7.1% presenting positive Phalen and/or Tinel test. Half of the sample presented the neurophysiological diagnostic of carpal tunnel syndrome (CTS), which had a statistically significant association with age (p = 0.024), but not with the time and distance moving the wheelchair daily, the use of protection or adaptation of the wheelchair, of pain in upper limbs, or the presence of positive signs of CTS in the physical exam. Conclusion: We concluded that the electromyographic signs of CTS are very prevalent in these individuals, which suggests more situations of risk for the integrity of their upper limbs and demands the development of a more efficient biomechanical strategy for prevention. </subfield>
</datafield>
<datafield tag="260" ind1=" " ind2=" ">
<subfield code="b">Faculdade de Medicina, Universidade de São Paulo</subfield>
</datafield>
<dataField tag="260" ind1=" " ind2=" ">
<subfield code="c">2011-12-09 00:00:00</subfield>
</dataField>   <datafield tag="856" ind1=" " ind2=" ">
<subfield code="q">application/pdf</subfield>
</datafield>
<datafield tag="856" ind1=" " ind2=" ">
<subfield code="q">application/pdf</subfield>
</datafield>
<datafield tag="856" ind1="4" ind2="0">
<subfield code="u">https://www.revistas.usp.br/actafisiatrica/article/view/103664</subfield>
</datafield>  <datafield tag="786" ind1="0" ind2=" ">
<subfield code="n">Acta Fisiátrica; v. 18 n. 4 (2011)</subfield>
</datafield>  <datafield tag="546" ind1=" " ind2=" ">
<subfield code="a">eng</subfield>
</datafield>   <datafield tag="540" ind1=" " ind2=" ">
<subfield code="a">Copyright (c) 2011 Acta Fisiátrica</subfield>
</datafield>
</record>
</metadata>
</record>