
<record>
<header>
<identifier>oai:revistas.usp.br:article/103665</identifier>
<datestamp>2019-10-17T16:52:56Z</datestamp>
<setSpec>actafisiatrica:Art.+Orig.</setSpec>
<setSpec>driver</setSpec>
</header>
<metadata>
<record xmlns="http://www.loc.gov/MARC21/slim" xmlns:xsi="http://www.w3.org/2001/XMLSchema-instance" xsi:schemaLocation="http://www.loc.gov/MARC21/slim http://www.loc.gov/standards/marcxml/schema/MARC21slim.xsd">
<leader>     nmb a2200000Iu 4500</leader>
<controlfield tag="008">"111209 2011                        eng  "</controlfield>
<datafield tag="022" ind1="#" ind2="#">
<subfield code="$a">2317-0190</subfield>
</datafield>
<datafield tag="022" ind1="#" ind2="#">
<subfield code="$a">0104-7795</subfield>
</datafield>
<datafield tag="042" ind1=" " ind2=" ">
<subfield code="a">dc</subfield>
</datafield>
<datafield tag="245" ind1="0" ind2="0">
<subfield code="a">A mesoterapia melhora a amplitude articular em pacientes com tendinite do manguito rotador</subfield>
</datafield>  <datafield tag="720" ind1="1" ind2=" ">
<subfield code="a">Sposito, Maria Matilde de Melo</subfield>
<subfield code="u">Instituto de Reabilitação Lucy Montoro</subfield></datafield>
<datafield tag="720" ind1="1" ind2=" ">
<subfield code="a">Rivera, Daniele</subfield>
<subfield code="u">Instituto Brasil de Tecnologia e Saúde</subfield></datafield>
<datafield tag="720" ind1="1" ind2=" ">
<subfield code="a">Marcelo</subfield>
<subfield code="u">Universidade de São Paulo. Faculdade de Medicina de Ribeirão Preto</subfield><subfield code="0">https://orcid.org/0000-0001-9549-8830</subfield></datafield>
<datafield tag="720" ind1="1" ind2=" ">
<subfield code="a">Metsavaht, Leonardo</subfield>
<subfield code="u">Instituto de Tecnologia Brasil Saúde</subfield><subfield code="0">https://orcid.org/0000-0001-9263-1309</subfield></datafield>
<datafield tag="520" ind1=" " ind2=" ">
<subfield code="a"> There is published evidence on the effect of mesotherapy for inflammatory shoulder diseases. Objective: Evaluate the gain in range of motion (ROM) in patients with rotator cuff tendinopathy treated with mesotherapy. A retrospective series of cases conducted from medical records. Location: an outpatient rehabilitation and orthopedic service. 145 patients with clinical diagnosis of rotator cuff tendinopathy, with limited active range of motion. Method: The study subjects were treated with mesotherapy between 1995 and 2008, the blends were selected according to the patient’s profile and tolerance. The effect on the ROM was qualified as “not improved” or “improved”. The improvement in symptomatology was correlated to age, duration of symptoms, and drugs used in the mesotherapy. The concomitant application of physical therapy was also correlated with the result. The adverse effects were evaluated systematically. Results: 117 patients (80.7%) presented objective improvement of ROM or of pain. The result was not influenced by age, duration of symptoms, or by the concomitant application of physical therapy. Only smaller adverse effects were observed. Conclusion: This study suggests that mesotherapy can be efficient in the treatment of rotator cuff tendinopathy, for the improvement of pain, ROM, or global functioning of the upper limb. The clinical impact of this study is that mesotherapy can be associated with the standard physical therapy treatment to improve ROM and pain in rotator cuff tendinopathy. </subfield>
</datafield>
<datafield tag="260" ind1=" " ind2=" ">
<subfield code="b">Faculdade de Medicina, Universidade de São Paulo</subfield>
</datafield>
<dataField tag="260" ind1=" " ind2=" ">
<subfield code="c">2011-12-09 00:00:00</subfield>
</dataField>   <datafield tag="856" ind1=" " ind2=" ">
<subfield code="q">application/pdf</subfield>
</datafield>
<datafield tag="856" ind1=" " ind2=" ">
<subfield code="q">application/pdf</subfield>
</datafield>
<datafield tag="856" ind1="4" ind2="0">
<subfield code="u">https://www.revistas.usp.br/actafisiatrica/article/view/103665</subfield>
</datafield>  <datafield tag="786" ind1="0" ind2=" ">
<subfield code="n">Acta Fisiátrica; v. 18 n. 4 (2011)</subfield>
</datafield>  <datafield tag="546" ind1=" " ind2=" ">
<subfield code="a">eng</subfield>
</datafield>   <datafield tag="540" ind1=" " ind2=" ">
<subfield code="a">Copyright (c) 2011 Acta Fisiátrica</subfield>
</datafield>
</record>
</metadata>
</record>