
<record>
<header>
<identifier>oai:revistas.usp.br:article/103666</identifier>
<datestamp>2019-10-17T16:57:05Z</datestamp>
<setSpec>actafisiatrica:Art.+Orig.</setSpec>
<setSpec>driver</setSpec>
</header>
<metadata>
<record xmlns="http://www.loc.gov/MARC21/slim" xmlns:xsi="http://www.w3.org/2001/XMLSchema-instance" xsi:schemaLocation="http://www.loc.gov/MARC21/slim http://www.loc.gov/standards/marcxml/schema/MARC21slim.xsd">
<leader>     nmb a2200000Iu 4500</leader>
<controlfield tag="008">"111209 2011                        eng  "</controlfield>
<datafield tag="022" ind1="#" ind2="#">
<subfield code="$a">2317-0190</subfield>
</datafield>
<datafield tag="022" ind1="#" ind2="#">
<subfield code="$a">0104-7795</subfield>
</datafield>
<datafield tag="042" ind1=" " ind2=" ">
<subfield code="a">dc</subfield>
</datafield>
<datafield tag="245" ind1="0" ind2="0">
<subfield code="a">Desempenho dos segurados no serviço de reabilitação do Instituto Nacional de Seguridade Social</subfield>
</datafield>  <datafield tag="720" ind1="1" ind2=" ">
<subfield code="a">Vacaro, Jerri Estevan</subfield>
<subfield code="u">Instituto Nacional do Seguro Social - INSS</subfield></datafield>
<datafield tag="720" ind1="1" ind2=" ">
<subfield code="a">Pedroso, Fleming Salvador</subfield>
<subfield code="u">Instituto Nacional do Seguro Social - INSS</subfield></datafield>
<datafield tag="520" ind1=" " ind2=" ">
<subfield code="a"> The main objective of this study was to evaluate the performance of insured workers who participated in the vocational rehabilitation program from the INSS (National Institute of Social Security) in Porto Alegre/RS. Method: We selected all of the insured workers participating in the vocational rehabilitation process during the year of 2008 in Porto Alegre/RS at INSS. Through the Administration System for Disability Benefits and the National Register of Social Information, all information was collected regarding the benefits and vocational rehabilitation program. The data was tabulated using SPSS 17.0 for Windows in which all tests were made. Results: The results showed that 553 (69%) of the insured were men and 249 (31%) were women. Their ages ranged from 18 to 60 years with an average of 38.9 years. Initially, 645 (80.4%) were employed and 157 (19.6%), unemployed. One year after the end of the rehabilitation program, 29.4% of the insured were working. While 40.6% of those employed had returned to work, 76.7% of the unemployed had not. Those on leave for accidents at work returned 58.7% of the time, and also 29.6% of those on sick leave. Those who remained on leave for one year had a success rate of 72.4%, and those with more than five years 24.7%. Conclusion: Those who remained employed, went on sick leave for a shorter time, and were rehabilitated within the company enjoyed a higher rate of return to work than those who became unemployed, were off work for a longer time, and whose company did not offer them another job. </subfield>
</datafield>
<datafield tag="260" ind1=" " ind2=" ">
<subfield code="b">Faculdade de Medicina, Universidade de São Paulo</subfield>
</datafield>
<dataField tag="260" ind1=" " ind2=" ">
<subfield code="c">2011-12-09 00:00:00</subfield>
</dataField>   <datafield tag="856" ind1=" " ind2=" ">
<subfield code="q">application/pdf</subfield>
</datafield>
<datafield tag="856" ind1=" " ind2=" ">
<subfield code="q">application/pdf</subfield>
</datafield>
<datafield tag="856" ind1="4" ind2="0">
<subfield code="u">https://www.revistas.usp.br/actafisiatrica/article/view/103666</subfield>
</datafield>  <datafield tag="786" ind1="0" ind2=" ">
<subfield code="n">Acta Fisiátrica; v. 18 n. 4 (2011)</subfield>
</datafield>  <datafield tag="546" ind1=" " ind2=" ">
<subfield code="a">eng</subfield>
</datafield>   <datafield tag="540" ind1=" " ind2=" ">
<subfield code="a">Copyright (c) 2011 Acta Fisiátrica</subfield>
</datafield>
</record>
</metadata>
</record>