
<record>
<header>
<identifier>oai:revistas.usp.br:article/103668</identifier>
<datestamp>2019-10-17T17:12:35Z</datestamp>
<setSpec>actafisiatrica:Art.+Orig.</setSpec>
<setSpec>driver</setSpec>
</header>
<metadata>
<record xmlns="http://www.loc.gov/MARC21/slim" xmlns:xsi="http://www.w3.org/2001/XMLSchema-instance" xsi:schemaLocation="http://www.loc.gov/MARC21/slim http://www.loc.gov/standards/marcxml/schema/MARC21slim.xsd">
<leader>     nmb a2200000Iu 4500</leader>
<controlfield tag="008">"111209 2011                        eng  "</controlfield>
<datafield tag="022" ind1="#" ind2="#">
<subfield code="$a">2317-0190</subfield>
</datafield>
<datafield tag="022" ind1="#" ind2="#">
<subfield code="$a">0104-7795</subfield>
</datafield>
<datafield tag="042" ind1=" " ind2=" ">
<subfield code="a">dc</subfield>
</datafield>
<datafield tag="245" ind1="0" ind2="0">
<subfield code="a">Composição corporal de esportistas com lesão medular e com poliomielite</subfield>
</datafield>  <datafield tag="720" ind1="1" ind2=" ">
<subfield code="a">Ribeiro, Sandra Maria Lima</subfield>
<subfield code="u">Universidade de São Paulo. Escola de Artes, Ciências e Humanidades</subfield></datafield>
<datafield tag="720" ind1="1" ind2=" ">
<subfield code="a">Kehayias, Joseph</subfield>
<subfield code="u">USDA Human Nutrition Research Center on Aging, Tufts University</subfield></datafield>
<datafield tag="720" ind1="1" ind2=" ">
<subfield code="a">Silva, Regina Célia da</subfield>
<subfield code="u"> Universidadede São Paulo.  Faculdade de Ciências Farmacêuticas</subfield></datafield>
<datafield tag="720" ind1="1" ind2=" ">
<subfield code="a">Tirapegui, Julio</subfield>
<subfield code="u">Universidadede São Paulo. Faculdade de Ciências Farmacêuticas</subfield></datafield>
<datafield tag="520" ind1=" " ind2=" ">
<subfield code="a"> This study sought to evaluate the body composition of subjects with active spinal cord injuries and polio. Method: Two groups of males and females, active, free-living, of similar ages and body mass index (BMI), were distributed according to the source of deficiency: SCI – low spinal cord injury (T5-T12) and P – survivors of poliomyelitis infection. Body composition was analyzed by DEXA (fat and lean mass); bioelectrical impedance by vector analysis (BIVA analysis; resistance and reactance). Participants of the same gender were compared according to the source of deficiency, and both groups had their values compared to a reference population, when available. Results: Mean vectors were assessed with Hotelling’s T2 test and compared by Mahalanobis distance (D). DEXA analysis pointed out the men of P group with higher absolute amount of lean mass, and consequently the higher body lean mass index; both groups presented lower values than a reference study. With regard to BIVA analysis, P men presented higher resistance than SCI men and, consequently, a lower phase angle. Conclusion: Considering body composition as an indirect indicator of nutritional status, the present study suggests that, even with both groups presenting lower values than a reference population, there is a possibility of an increased nutritional risk for polio individuals than SCI, and this risk seems to be higher in men than in women. Further investigation, adopting biochemical and dietetic markers, and a higher sample size, certainly could better explore and understand our results. </subfield>
</datafield>
<datafield tag="260" ind1=" " ind2=" ">
<subfield code="b">Faculdade de Medicina, Universidade de São Paulo</subfield>
</datafield>
<dataField tag="260" ind1=" " ind2=" ">
<subfield code="c">2011-12-09 00:00:00</subfield>
</dataField>   <datafield tag="856" ind1=" " ind2=" ">
<subfield code="q">application/pdf</subfield>
</datafield>
<datafield tag="856" ind1=" " ind2=" ">
<subfield code="q">application/pdf</subfield>
</datafield>
<datafield tag="856" ind1="4" ind2="0">
<subfield code="u">https://www.revistas.usp.br/actafisiatrica/article/view/103668</subfield>
</datafield>  <datafield tag="786" ind1="0" ind2=" ">
<subfield code="n">Acta Fisiátrica; v. 18 n. 4 (2011)</subfield>
</datafield>  <datafield tag="546" ind1=" " ind2=" ">
<subfield code="a">eng</subfield>
</datafield>   <datafield tag="540" ind1=" " ind2=" ">
<subfield code="a">Copyright (c) 2011 Acta Fisiátrica</subfield>
</datafield>
</record>
</metadata>
</record>