
<record>
<header>
<identifier>oai:revistas.usp.br:article/103669</identifier>
<datestamp>2019-10-17T17:20:08Z</datestamp>
<setSpec>actafisiatrica:Art.+Orig.</setSpec>
<setSpec>driver</setSpec>
</header>
<metadata>
<record xmlns="http://www.loc.gov/MARC21/slim" xmlns:xsi="http://www.w3.org/2001/XMLSchema-instance" xsi:schemaLocation="http://www.loc.gov/MARC21/slim http://www.loc.gov/standards/marcxml/schema/MARC21slim.xsd">
<leader>     nmb a2200000Iu 4500</leader>
<controlfield tag="008">"111209 2011                        eng  "</controlfield>
<datafield tag="022" ind1="#" ind2="#">
<subfield code="$a">2317-0190</subfield>
</datafield>
<datafield tag="022" ind1="#" ind2="#">
<subfield code="$a">0104-7795</subfield>
</datafield>
<datafield tag="042" ind1=" " ind2=" ">
<subfield code="a">dc</subfield>
</datafield>
<datafield tag="245" ind1="0" ind2="0">
<subfield code="a">O uso da estimulação elétrica computadorizada associada à cicloergometria em indivíduos com lesão medular é benéfico para os parâmetros musculares?</subfield>
</datafield>  <datafield tag="720" ind1="1" ind2=" ">
<subfield code="a">Naki, Igor Kaoru</subfield>
<subfield code="u">Universidade de São Paulo. Faculdade de Medicina</subfield></datafield>
<datafield tag="720" ind1="1" ind2=" ">
<subfield code="a">Riberto, Marcelo</subfield>
<subfield code="u">Universidade de São Paulo. Faculdade de Medicina de Ribeirão Preto</subfield><subfield code="0">https://orcid.org/0000-0001-9549-8830</subfield></datafield>
<datafield tag="720" ind1="1" ind2=" ">
<subfield code="a">Moreira, Maria Cecília dos Santos</subfield>
<subfield code="u">Universidade de São Paulo. Faculdade de Medicina</subfield></datafield>
<datafield tag="720" ind1="1" ind2=" ">
<subfield code="a">Battistella, Linamara Rizzo</subfield>
<subfield code="u">Universidade de São Paulo. Faculdade de Medicina</subfield><subfield code="0">https://orcid.org/0000-0001-5275-0733</subfield></datafield>
<datafield tag="520" ind1=" " ind2=" ">
<subfield code="a"> The aim of this study was to determine whether the use of FES produces muscular benefits for individuals with spinal cord injuries. Method: A review of the literature was done in the electronic database MEDLINE, PubMed, LILACS and SciELO, without limitation of time or language. The PICO strategy has been used for this research. Results: 554 articles were found. From these, 432 were excluded by title, resulting in 122 articles left. Out of these articles the duplicates were excluded resulting in 73 articles; 36 were then excluded after reading the abstract and 33 more after reading the full text. Four studies were selected. Two articles included males and females in their studies and two only included males. Three studies included quadriplegics and paraplegics in the same study; one included only quadriplegics. One of the studies used a more frequent training routine, seven times a week; three trained only three times a week. The duration of the studies was varied considerably, from six weeks to one year. The resulting measurements for strength and resistance evaluation were performed in different manners, by muscle transverse section area measurement, limb circumference, and muscle biopsy; however, all studies presented at least one of the measurements provided by the equipment, power output or work output. Improvement of the power output and work output has been shown in all studies. Despite the heterogeneity encountered in these studies, the outcomes evaluated by them indicate a significant increase in the power output and work output after training periods, with gains starting from six weeks of training at least three times a week. Conclusion: Future studies are needed to assess different responses in different groups of subjects, paraplegics or quadriplegics, under different frequencies and periods of training, and thereby provide the elaboration of more directed training protocols. </subfield>
</datafield>
<datafield tag="260" ind1=" " ind2=" ">
<subfield code="b">Faculdade de Medicina, Universidade de São Paulo</subfield>
</datafield>
<dataField tag="260" ind1=" " ind2=" ">
<subfield code="c">2011-12-09 00:00:00</subfield>
</dataField>   <datafield tag="856" ind1=" " ind2=" ">
<subfield code="q">application/pdf</subfield>
</datafield>
<datafield tag="856" ind1=" " ind2=" ">
<subfield code="q">application/pdf</subfield>
</datafield>
<datafield tag="856" ind1="4" ind2="0">
<subfield code="u">https://www.revistas.usp.br/actafisiatrica/article/view/103669</subfield>
</datafield>  <datafield tag="786" ind1="0" ind2=" ">
<subfield code="n">Acta Fisiátrica; v. 18 n. 4 (2011)</subfield>
</datafield>  <datafield tag="546" ind1=" " ind2=" ">
<subfield code="a">eng</subfield>
</datafield>   <datafield tag="540" ind1=" " ind2=" ">
<subfield code="a">Copyright (c) 2011 Acta Fisiátrica</subfield>
</datafield>
</record>
</metadata>
</record>