
<record>
<header>
<identifier>oai:revistas.usp.br:article/103670</identifier>
<datestamp>2019-10-17T17:27:08Z</datestamp>
<setSpec>actafisiatrica:Art.+Rev.</setSpec>
<setSpec>driver</setSpec>
</header>
<metadata>
<record xmlns="http://www.loc.gov/MARC21/slim" xmlns:xsi="http://www.w3.org/2001/XMLSchema-instance" xsi:schemaLocation="http://www.loc.gov/MARC21/slim http://www.loc.gov/standards/marcxml/schema/MARC21slim.xsd">
<leader>     nmb a2200000Iu 4500</leader>
<controlfield tag="008">"111209 2011                        eng  "</controlfield>
<datafield tag="022" ind1="#" ind2="#">
<subfield code="$a">2317-0190</subfield>
</datafield>
<datafield tag="022" ind1="#" ind2="#">
<subfield code="$a">0104-7795</subfield>
</datafield>
<datafield tag="042" ind1=" " ind2=" ">
<subfield code="a">dc</subfield>
</datafield>
<datafield tag="245" ind1="0" ind2="0">
<subfield code="a">Uso de um ambiente de realidade virtual para reabilitação de acidente vascular encefálico</subfield>
</datafield>  <datafield tag="720" ind1="1" ind2=" ">
<subfield code="a">Souza, Lucas Barbosa de</subfield>
<subfield code="u">Centro Universitário Adventista de São Paulo</subfield></datafield>
<datafield tag="720" ind1="1" ind2=" ">
<subfield code="a">Paim, Chennyfer da Rosa Paino</subfield>
<subfield code="u">Instituto de Medicina Física e Reabilitação HC-FMUSP</subfield></datafield>
<datafield tag="720" ind1="1" ind2=" ">
<subfield code="a">Imamura, Marta</subfield>
<subfield code="u">Instituto de Medicina Física e Reabilitação HC-FMUSP</subfield><subfield code="0">https://orcid.org/0000-0003-0355-9697</subfield></datafield>
<datafield tag="720" ind1="1" ind2=" ">
<subfield code="a">Alfieri, Fabio Marcon</subfield>
<subfield code="u">Universidade de São Paulo. Faculdade de Medicina</subfield></datafield>
<datafield tag="520" ind1=" " ind2=" ">
<subfield code="a"> Stroke is an ischemic or hemorrhagic clinical condition that affects the central nervous system and engenders cognitive and motor deficits. Many studies are made each year to find better ways to alleviate the symptoms and recover as many of the functions lost as possible. Nowadays, the latest trends in rehabilitation are exploiting advances in technology and virtual reality devices, such as the Nintendo Wii®. Objective: To identify the functional results obtained in the rehabilitation of individuals with stroke using the interface of the Nintendo Wii games. Method: For this systematic review, articles were selected from MEDLINE, PubMed and the Cochrane Library through the PICO strategy. The keywords used were: User-Computer Interface; Stroke; and Rehabilitation. Results: We found 229 articles, of which only 3 were used in this review, because they showed a direct relationship between Wii and stroke. All studies showed benefits such as improved motor coordination and agility of upper limbs using the Wii associated with conventional therapies such as physiotherapy and occupational therapy. Conclusion: Further studies should be performed with Nintendo Wii® and the new Virtual Reality Technologies that appear every day in order to improve the level of scientific evidence regarding the use of these resources in the rehabilitation of stroke patients. </subfield>
</datafield>
<datafield tag="260" ind1=" " ind2=" ">
<subfield code="b">Faculdade de Medicina, Universidade de São Paulo</subfield>
</datafield>
<dataField tag="260" ind1=" " ind2=" ">
<subfield code="c">2011-12-09 00:00:00</subfield>
</dataField>   <datafield tag="856" ind1=" " ind2=" ">
<subfield code="q">application/pdf</subfield>
</datafield>
<datafield tag="856" ind1=" " ind2=" ">
<subfield code="q">application/pdf</subfield>
</datafield>
<datafield tag="856" ind1="4" ind2="0">
<subfield code="u">https://www.revistas.usp.br/actafisiatrica/article/view/103670</subfield>
</datafield>  <datafield tag="786" ind1="0" ind2=" ">
<subfield code="n">Acta Fisiátrica; v. 18 n. 4 (2011)</subfield>
</datafield>  <datafield tag="546" ind1=" " ind2=" ">
<subfield code="a">eng</subfield>
</datafield>   <datafield tag="540" ind1=" " ind2=" ">
<subfield code="a">Copyright (c) 2011 Acta Fisiátrica</subfield>
</datafield>
</record>
</metadata>
</record>