
<record>
<header>
<identifier>oai:revistas.usp.br:article/103672</identifier>
<datestamp>2019-09-27T12:51:22Z</datestamp>
<setSpec>actafisiatrica:Art.+Orig.</setSpec>
<setSpec>driver</setSpec>
</header>
<metadata>
<record xmlns="http://www.loc.gov/MARC21/slim" xmlns:xsi="http://www.w3.org/2001/XMLSchema-instance" xsi:schemaLocation="http://www.loc.gov/MARC21/slim http://www.loc.gov/standards/marcxml/schema/MARC21slim.xsd">
<leader>     nmb a2200000Iu 4500</leader>
<controlfield tag="008">"120309 2012                        eng  "</controlfield>
<datafield tag="022" ind1="#" ind2="#">
<subfield code="$a">2317-0190</subfield>
</datafield>
<datafield tag="022" ind1="#" ind2="#">
<subfield code="$a">0104-7795</subfield>
</datafield>
<datafield tag="042" ind1=" " ind2=" ">
<subfield code="a">dc</subfield>
</datafield>
<datafield tag="245" ind1="0" ind2="0">
<subfield code="a">Análise das forças de reação do solo durante a marcha de indivíduos sadios com e sem uso de calcanheiras corretivas</subfield>
</datafield>  <datafield tag="720" ind1="1" ind2=" ">
<subfield code="a">Kleiner, Ana Francisca Rozin</subfield>
<subfield code="u">Universidade Estadual de Campinas - UNICAMP</subfield></datafield>
<datafield tag="720" ind1="1" ind2=" ">
<subfield code="a">Carmo, Aline Araujo do</subfield>
<subfield code="u">Universidade Estadual de Campinas - UNICAMP</subfield></datafield>
<datafield tag="720" ind1="1" ind2=" ">
<subfield code="a">Kletecke, Regina</subfield>
<subfield code="u">Universidade Estadual de Campinas - UNICAMP</subfield></datafield>
<datafield tag="720" ind1="1" ind2=" ">
<subfield code="a">Burgos, Danielle</subfield>
<subfield code="u">Universidade Estadual de Campinas - UNICAMP</subfield></datafield>
<datafield tag="720" ind1="1" ind2=" ">
<subfield code="a">Souza, Marcio Ferreira de</subfield>
<subfield code="u">Universidade Estadual de Campinas - UNICAMP</subfield></datafield>
<datafield tag="720" ind1="1" ind2=" ">
<subfield code="a">Barros, Ricardo Machado Leite de</subfield>
<subfield code="u">Universidade Estadual de Campinas - UNICAMP</subfield></datafield>
<datafield tag="520" ind1=" " ind2=" ">
<subfield code="a"> The foot forms the base of propulsion and balance during the gait. It is well known that excessive or prolonged pronation and supination changes the gait’s mechanical movement. Hence, the use of corrective insoles is recommended when calcaneus alterations (valgus and varun) are present. Objetive: The main purpose of this article was to analyze the effects of a calcaneus insole on normal individuals on the Ground Reaction Force variables. Method: The experiment used ten adults (31.9 ± 6,7 years, 65.9 ± 15.4 kg and 1.7 ± 0.1 m) and registered no apparent changes in gait or pathologies that have an effect on the locomotor system. The following gait conditions were analyzed and compared: barefoot, using a sport shoe, and using the sport shoe with insole. The variables analyzed were vertical, medial lateral, and anterior-posterior dynamic ground reaction forces. An ANOVA one-way was used in order to compare the three different conditions. Statistically significant differences were revealed between the conditions of barefoot and sport shoe with insole for the vertical GRF during initial contact Fz1 (F2,59 = 3.4; p &lt; 0.0406) and for the GRF anterior-posterior in the terminal stance phase Fy2 (F2,59 = 3.63; p &lt; 0.0332). Results: These results indicated that the use of an insole increased the vertical impact on the locomotor system during the response to load phase, probably because of its greater stiffness compared to the barefoot or sport shoe trials. The insole also changed the GRF anterior-posterior during the terminal stance that corresponded with the acceleration/propulsion gait phase. Conclusion: Just based on the analysis of the dynamic variables, it was concluded that the use of insoles did not induce any significant increase in lateral forces that would indicate the reduction of excessive pronation or supination during the response load phase. The use of an insole produced a significant dynamic effect on the pronation/supination only in the propulsive gait phase. </subfield>
</datafield>
<datafield tag="260" ind1=" " ind2=" ">
<subfield code="b">Faculdade de Medicina, Universidade de São Paulo</subfield>
</datafield>
<dataField tag="260" ind1=" " ind2=" ">
<subfield code="c">2012-03-09 00:00:00</subfield>
</dataField>   <datafield tag="856" ind1=" " ind2=" ">
<subfield code="q">application/pdf</subfield>
</datafield>
<datafield tag="856" ind1=" " ind2=" ">
<subfield code="q">application/pdf</subfield>
</datafield>
<datafield tag="856" ind1="4" ind2="0">
<subfield code="u">https://www.revistas.usp.br/actafisiatrica/article/view/103672</subfield>
</datafield>  <datafield tag="786" ind1="0" ind2=" ">
<subfield code="n">Acta Fisiátrica; v. 19 n. 1 (2012)</subfield>
</datafield>  <datafield tag="546" ind1=" " ind2=" ">
<subfield code="a">eng</subfield>
</datafield>   <datafield tag="540" ind1=" " ind2=" ">
<subfield code="a">Copyright (c) 2012 Acta Fisiátrica</subfield>
</datafield>
</record>
</metadata>
</record>