
<record>
<header>
<identifier>oai:revistas.usp.br:article/103673</identifier>
<datestamp>2019-09-27T12:55:42Z</datestamp>
<setSpec>actafisiatrica:Art.+Orig.</setSpec>
<setSpec>driver</setSpec>
</header>
<metadata>
<record xmlns="http://www.loc.gov/MARC21/slim" xmlns:xsi="http://www.w3.org/2001/XMLSchema-instance" xsi:schemaLocation="http://www.loc.gov/MARC21/slim http://www.loc.gov/standards/marcxml/schema/MARC21slim.xsd">
<leader>     nmb a2200000Iu 4500</leader>
<controlfield tag="008">"120309 2012                        eng  "</controlfield>
<datafield tag="022" ind1="#" ind2="#">
<subfield code="$a">2317-0190</subfield>
</datafield>
<datafield tag="022" ind1="#" ind2="#">
<subfield code="$a">0104-7795</subfield>
</datafield>
<datafield tag="042" ind1=" " ind2=" ">
<subfield code="a">dc</subfield>
</datafield>
<datafield tag="245" ind1="0" ind2="0">
<subfield code="a">Efeito da dominância lateral no desempenho da destreza manual em pessoas com síndrome de Down</subfield>
</datafield>  <datafield tag="720" ind1="1" ind2=" ">
<subfield code="a">Guimarães, Renata</subfield>
<subfield code="u">Universidade Presbiteriana Mackenzie</subfield></datafield>
<datafield tag="720" ind1="1" ind2=" ">
<subfield code="a">Blascovi-Assis, Silvana Maria</subfield>
<subfield code="u">Universidade Presbiteriana Mackenzie</subfield></datafield>
<datafield tag="720" ind1="1" ind2=" ">
<subfield code="a">Macedo, Elizeu Coutinho de</subfield>
<subfield code="u">Universidade Presbiteriana Mackenzie</subfield><subfield code="0">https://orcid.org/0000-0003-1412-3450</subfield></datafield>
<datafield tag="520" ind1=" " ind2=" ">
<subfield code="a"> Objective: To evaluate the effect of lateral dominance on manual dexterity in a group of children and adolescents with Down syndrome (DS) and to compare the results from participants with DS with people without the syndrome. Method: The study included 100 children and adolescents of both sexes with ages ranging from 7 to 9 years and 14 to 15 years. 50 people were diagnosed with DS (GDS) and 50 without the syndrome (GC). The Box and Blocks Test (BBT) was used because it allows assessment of motor activity by counting the number of blocks transferred between two divisions of a standard box. The BBT implementation is simple and does not require complex cognitive skills. Results: The number of blocks transferred per minute was lower in participants of GDS than the GC, with a clear disadvantage for manual dexterity in both hands. There was no effect of dominance in the GDS, but the GC showed better performance on the dominant side. Conclusion: The BBT was useful for the quantification of manual dexterity in people with DS as it is easy to apply and understand by people with cognitive impairment. </subfield>
</datafield>
<datafield tag="260" ind1=" " ind2=" ">
<subfield code="b">Faculdade de Medicina, Universidade de São Paulo</subfield>
</datafield>
<dataField tag="260" ind1=" " ind2=" ">
<subfield code="c">2012-03-09 00:00:00</subfield>
</dataField>   <datafield tag="856" ind1=" " ind2=" ">
<subfield code="q">application/pdf</subfield>
</datafield>
<datafield tag="856" ind1=" " ind2=" ">
<subfield code="q">application/pdf</subfield>
</datafield>
<datafield tag="856" ind1="4" ind2="0">
<subfield code="u">https://www.revistas.usp.br/actafisiatrica/article/view/103673</subfield>
</datafield>  <datafield tag="786" ind1="0" ind2=" ">
<subfield code="n">Acta Fisiátrica; v. 19 n. 1 (2012)</subfield>
</datafield>  <datafield tag="546" ind1=" " ind2=" ">
<subfield code="a">eng</subfield>
</datafield>   <datafield tag="540" ind1=" " ind2=" ">
<subfield code="a">Copyright (c) 2012 Acta Fisiátrica</subfield>
</datafield>
</record>
</metadata>
</record>