
<record>
<header>
<identifier>oai:revistas.usp.br:article/103674</identifier>
<datestamp>2019-09-27T13:05:00Z</datestamp>
<setSpec>actafisiatrica:Art.+Orig.</setSpec>
<setSpec>driver</setSpec>
</header>
<metadata>
<record xmlns="http://www.loc.gov/MARC21/slim" xmlns:xsi="http://www.w3.org/2001/XMLSchema-instance" xsi:schemaLocation="http://www.loc.gov/MARC21/slim http://www.loc.gov/standards/marcxml/schema/MARC21slim.xsd">
<leader>     nmb a2200000Iu 4500</leader>
<controlfield tag="008">"120309 2012                        eng  "</controlfield>
<datafield tag="022" ind1="#" ind2="#">
<subfield code="$a">2317-0190</subfield>
</datafield>
<datafield tag="022" ind1="#" ind2="#">
<subfield code="$a">0104-7795</subfield>
</datafield>
<datafield tag="042" ind1=" " ind2=" ">
<subfield code="a">dc</subfield>
</datafield>
<datafield tag="245" ind1="0" ind2="0">
<subfield code="a">Efeitos da geoterapia e fitoterapia associadas à cinesioterapia na osteoartrite de joelho: estudo randomizado duplo cego</subfield>
</datafield>  <datafield tag="720" ind1="1" ind2=" ">
<subfield code="a">Arthur, Katleen</subfield>
<subfield code="u">Centro Universitário Adventista de São Paulo - UNASP</subfield></datafield>
<datafield tag="720" ind1="1" ind2=" ">
<subfield code="a">Nascimento, Ligia Carla do</subfield>
<subfield code="u">Centro Universitário Adventista de São Paulo - UNASP</subfield></datafield>
<datafield tag="720" ind1="1" ind2=" ">
<subfield code="a">Figueiredo, Delize Alves da Silva</subfield>
<subfield code="u">Centro Universitário Adventista de São Paulo - UNASP</subfield></datafield>
<datafield tag="720" ind1="1" ind2=" ">
<subfield code="a">Souza, Lucas Barbosa de</subfield>
<subfield code="u">Centro Universitário Adventista de São Paulo - UNASP</subfield></datafield>
<datafield tag="720" ind1="1" ind2=" ">
<subfield code="a">Alfieri, Fábio Marcon</subfield>
<subfield code="u">Centro Universitário Adventista de São Paulo - UNASP</subfield><subfield code="0">https://orcid.org/0000-0002-5242-3246</subfield></datafield>
<datafield tag="520" ind1=" " ind2=" ">
<subfield code="a"> Geotherapy is the therapeutic use of clay materials which are defined as natural earths that have different minerals in their composition. Objective: This work aimed to compare the pain, mobility, weight-bearing, and functional impairment in individuals with Knee Osteoarthritis who had undergone two types of physiotherapy treatments: the first group associated Geotherapy with Kinesiotherapy (GGK) and second group associated Geotherapy and Phytotherapy with Kinesiotherapy (GGFK). Method: This study was a randomized double-blind clinical trial, which was attended by 25 individuals of both sexes aged over 43 years; they underwent 10 sessions lasting 45 minutes each. The individuals performed the assessments to check for pain by using a visual analogue scale (VAS); to assess functional mobility, the test Timed Up and Go (TUG) test; to assess disability and symptoms, the Lequesne Algo functional questionnaire; and finally the Nintendo Wii Fit®, to measure weight-bearing between members. Results: The results showed that only the GGFK had improved functional mobility. Both groups improved the intensity of pain and symptoms after the intervention and that improvement in GGFK was superior for symptoms in relation to GGK. Both groups showed a reduction in the intensity of pain and symptoms after the intervention, and the GGFK improvement was greater than the GGK for symptoms of Osteoarthritis (OA). Neither group showed any improvement in weight-bearing. Conclusion: It was concluded that geotherapy and phytotherapy associated with kinesiotherapy can be beneficial in reducing the pain and functional impairment associated with knee OA. </subfield>
</datafield>
<datafield tag="260" ind1=" " ind2=" ">
<subfield code="b">Faculdade de Medicina, Universidade de São Paulo</subfield>
</datafield>
<dataField tag="260" ind1=" " ind2=" ">
<subfield code="c">2012-03-09 00:00:00</subfield>
</dataField>   <datafield tag="856" ind1=" " ind2=" ">
<subfield code="q">application/pdf</subfield>
</datafield>
<datafield tag="856" ind1=" " ind2=" ">
<subfield code="q">application/pdf</subfield>
</datafield>
<datafield tag="856" ind1="4" ind2="0">
<subfield code="u">https://www.revistas.usp.br/actafisiatrica/article/view/103674</subfield>
</datafield>  <datafield tag="786" ind1="0" ind2=" ">
<subfield code="n">Acta Fisiátrica; v. 19 n. 1 (2012)</subfield>
</datafield>  <datafield tag="546" ind1=" " ind2=" ">
<subfield code="a">eng</subfield>
</datafield>   <datafield tag="540" ind1=" " ind2=" ">
<subfield code="a">Copyright (c) 2012 Acta Fisiátrica</subfield>
</datafield>
</record>
</metadata>
</record>