
<record>
<header>
<identifier>oai:revistas.usp.br:article/103676</identifier>
<datestamp>2019-09-27T13:18:27Z</datestamp>
<setSpec>actafisiatrica:Art.+Orig.</setSpec>
<setSpec>driver</setSpec>
</header>
<metadata>
<record xmlns="http://www.loc.gov/MARC21/slim" xmlns:xsi="http://www.w3.org/2001/XMLSchema-instance" xsi:schemaLocation="http://www.loc.gov/MARC21/slim http://www.loc.gov/standards/marcxml/schema/MARC21slim.xsd">
<leader>     nmb a2200000Iu 4500</leader>
<controlfield tag="008">"120309 2012                        eng  "</controlfield>
<datafield tag="022" ind1="#" ind2="#">
<subfield code="$a">2317-0190</subfield>
</datafield>
<datafield tag="022" ind1="#" ind2="#">
<subfield code="$a">0104-7795</subfield>
</datafield>
<datafield tag="042" ind1=" " ind2=" ">
<subfield code="a">dc</subfield>
</datafield>
<datafield tag="245" ind1="0" ind2="0">
<subfield code="a">Efeitos da imersão nos parâmetros ventilatórios de pacientes com distrofia muscular de Duchenne</subfield>
</datafield>  <datafield tag="720" ind1="1" ind2=" ">
<subfield code="a">Almeida, Camila de</subfield>
<subfield code="u">Instituto de Reabilitação Lucy Montoro</subfield></datafield>
<datafield tag="720" ind1="1" ind2=" ">
<subfield code="a">Oliveira, Raphael Augusto Fernandes de</subfield>
<subfield code="u">Universidade de São Paulo. Faculdade de Medicina</subfield></datafield>
<datafield tag="720" ind1="1" ind2=" ">
<subfield code="a">Spalvieri, Daiane</subfield>
<subfield code="u">Universidade Nove de Julho - UNINOVE</subfield></datafield>
<datafield tag="720" ind1="1" ind2=" ">
<subfield code="a">Braga, Douglas</subfield>
<subfield code="u">Associação de Assistência a Criança Deficiente - AACD</subfield></datafield>
<datafield tag="720" ind1="1" ind2=" ">
<subfield code="a">Misao, Maria</subfield>
<subfield code="u">Associação de Assistência a Criança Deficiente - AACD</subfield></datafield>
<datafield tag="520" ind1=" " ind2=" ">
<subfield code="a"> In many rehabilitation centers, Aquatic Physiotherapy is commonly used as an optional treatment for Duchenne Muscular dystrophy (DMD) patients. However, there is so little scientific evidence about the immersion effects on the breathing parameters of these patients. Objective: Our goal was to evaluate the immersion effects to the depth of the seventh cervical vertebra (C7), related to the breathing parameters in DMD patients. Method: Fifteen boys with DMD participated of the study, averaging 12 years in age. Clinical history and general information were investigated, and the following parameters were evaluated on the ground and inside the pool: Partial Oxygen Saturation (SpO2), heart rate (HR), maximal inspiratory (PI Max.) and expiratory (PE Max.) pressures, minute volume (MV), respiratory rate (RR), tidal volume (TV), Forced Vital Capacity (FVC) and peak expiratory flow (PEF). The SpO2 diminished after the aquatic evaluation when compared to values beforehand (p = 0.01). RR was higher inside the pool than outside (p = 0.02). PI Max. and PE Max. did not change inside the pool. Results: Analyzing the results for volumes, FVC and EPF were reduced inside the pool when compared to evaluation on solid ground (p = 0.004). MV and TV did not change. A positive correlation between ground and pool values of FVC and PEF was seen (FVC: r = 0.692, p = 0.006; EPF: r = 0.913, p = 0.0001). C7 immersion was able to reduce SpO2, FVC, and PEF, while increasing the RR of DMD patients. Conclusion: With the correlation between ground and pool values of FVC and PEF encountered in this study, there is a possibility of predicting pool values for these parameters using only the ground data. These findings could lead to a scientific base for a better Aquatic Physiotherapy prescription for DMD patients, at different pathology stages. </subfield>
</datafield>
<datafield tag="260" ind1=" " ind2=" ">
<subfield code="b">Faculdade de Medicina, Universidade de São Paulo</subfield>
</datafield>
<dataField tag="260" ind1=" " ind2=" ">
<subfield code="c">2012-03-09 00:00:00</subfield>
</dataField>   <datafield tag="856" ind1=" " ind2=" ">
<subfield code="q">application/pdf</subfield>
</datafield>
<datafield tag="856" ind1=" " ind2=" ">
<subfield code="q">application/pdf</subfield>
</datafield>
<datafield tag="856" ind1="4" ind2="0">
<subfield code="u">https://www.revistas.usp.br/actafisiatrica/article/view/103676</subfield>
</datafield>  <datafield tag="786" ind1="0" ind2=" ">
<subfield code="n">Acta Fisiátrica; v. 19 n. 1 (2012)</subfield>
</datafield>  <datafield tag="546" ind1=" " ind2=" ">
<subfield code="a">eng</subfield>
</datafield>   <datafield tag="540" ind1=" " ind2=" ">
<subfield code="a">Copyright (c) 2012 Acta Fisiátrica</subfield>
</datafield>
</record>
</metadata>
</record>