
<record>
<header>
<identifier>oai:revistas.usp.br:article/103677</identifier>
<datestamp>2019-09-27T13:36:43Z</datestamp>
<setSpec>actafisiatrica:Art.+Orig.</setSpec>
<setSpec>driver</setSpec>
</header>
<metadata>
<record xmlns="http://www.loc.gov/MARC21/slim" xmlns:xsi="http://www.w3.org/2001/XMLSchema-instance" xsi:schemaLocation="http://www.loc.gov/MARC21/slim http://www.loc.gov/standards/marcxml/schema/MARC21slim.xsd">
<leader>     nmb a2200000Iu 4500</leader>
<controlfield tag="008">"120309 2012                        eng  "</controlfield>
<datafield tag="022" ind1="#" ind2="#">
<subfield code="$a">2317-0190</subfield>
</datafield>
<datafield tag="022" ind1="#" ind2="#">
<subfield code="$a">0104-7795</subfield>
</datafield>
<datafield tag="042" ind1=" " ind2=" ">
<subfield code="a">dc</subfield>
</datafield>
<datafield tag="245" ind1="0" ind2="0">
<subfield code="a">Imagem corporal em pessoas com esclerose múltipla ativas e sedentárias</subfield>
</datafield>  <datafield tag="720" ind1="1" ind2=" ">
<subfield code="a">Tavares, Maria da Consolação Gomes Cunha Fernandes Tavares</subfield>
<subfield code="u">Universidade Estadual de Campinas - UNICAMP</subfield></datafield>
<datafield tag="720" ind1="1" ind2=" ">
<subfield code="a">Campana, Angela Nogueira Neves Betanho</subfield>
<subfield code="u">Hospital Infantil Boldrini</subfield></datafield>
<datafield tag="520" ind1=" " ind2=" ">
<subfield code="a"> Objective: The aim of this research was to evaluate perceptive and attitudinal aspects of body image among people with multiple sclerosis, and the differences between these variables among active and sedentary people. Method: This study was descriptive, exploratory, and cross-sectional. The sample was composed of 26 volunteers, with Expanded Disability Status Scale (EDSS) up to 6. Software for Perceptual Assessment, Adaptive Probit Estimation, Appreciation Scale of Own Body, Symptom scale, and a demographic questionnaire were the scales used to collect data. Nominal data were submitted to a descriptive analysis and interval data were submitted to inferential analysis. Results: The main results indicate accuracy in body perception, with high sensitivity to body change - the active people being the more sensitive. Also, 73% were dissatisfied with their appearance and tingling pain was the most frequent complaint. There was no association between dissatisfaction with body parts and painful body parts, and the reasons for their being dissatisfied were mostly esthetic. Conclusion: We concluded that regular physical activity seems to contribute to enhancing body perception, but not body satisfaction. In its turn, pain was established as a real fact - however, apart from physical appearance, indicating for health professionals who work with this clinical group that appearance and body function are distinct elements of body identity, and both have an impact on the subject relationship with its body. </subfield>
</datafield>
<datafield tag="260" ind1=" " ind2=" ">
<subfield code="b">Faculdade de Medicina, Universidade de São Paulo</subfield>
</datafield>
<dataField tag="260" ind1=" " ind2=" ">
<subfield code="c">2012-03-09 00:00:00</subfield>
</dataField>   <datafield tag="856" ind1=" " ind2=" ">
<subfield code="q">application/pdf</subfield>
</datafield>
<datafield tag="856" ind1=" " ind2=" ">
<subfield code="q">application/pdf</subfield>
</datafield>
<datafield tag="856" ind1="4" ind2="0">
<subfield code="u">https://www.revistas.usp.br/actafisiatrica/article/view/103677</subfield>
</datafield>  <datafield tag="786" ind1="0" ind2=" ">
<subfield code="n">Acta Fisiátrica; v. 19 n. 1 (2012)</subfield>
</datafield>  <datafield tag="546" ind1=" " ind2=" ">
<subfield code="a">eng</subfield>
</datafield>   <datafield tag="540" ind1=" " ind2=" ">
<subfield code="a">Copyright (c) 2012 Acta Fisiátrica</subfield>
</datafield>
</record>
</metadata>
</record>