
<record>
<header>
<identifier>oai:revistas.usp.br:article/103678</identifier>
<datestamp>2019-09-27T13:44:05Z</datestamp>
<setSpec>actafisiatrica:Art.+Orig.</setSpec>
<setSpec>driver</setSpec>
</header>
<metadata>
<record xmlns="http://www.loc.gov/MARC21/slim" xmlns:xsi="http://www.w3.org/2001/XMLSchema-instance" xsi:schemaLocation="http://www.loc.gov/MARC21/slim http://www.loc.gov/standards/marcxml/schema/MARC21slim.xsd">
<leader>     nmb a2200000Iu 4500</leader>
<controlfield tag="008">"120309 2012                        eng  "</controlfield>
<datafield tag="022" ind1="#" ind2="#">
<subfield code="$a">2317-0190</subfield>
</datafield>
<datafield tag="022" ind1="#" ind2="#">
<subfield code="$a">0104-7795</subfield>
</datafield>
<datafield tag="042" ind1=" " ind2=" ">
<subfield code="a">dc</subfield>
</datafield>
<datafield tag="245" ind1="0" ind2="0">
<subfield code="a">Funcionalidade após a cirurgia de quadril: correlação entre equilíbrio, idade, independência e depressão em idosos</subfield>
</datafield>  <datafield tag="720" ind1="1" ind2=" ">
<subfield code="a">Couto, Marcela de Abreu Silva</subfield>
<subfield code="u">Universidade Federal de São Carlos - UFSCar</subfield></datafield>
<datafield tag="720" ind1="1" ind2=" ">
<subfield code="a">Reiff, Rodrigo</subfield>
<subfield code="u">Santa Casa de Misericórdia de São Carlos</subfield></datafield>
<datafield tag="720" ind1="1" ind2=" ">
<subfield code="a">Castro, Alessandra Paiva de</subfield>
<subfield code="u">Universidade Federal do Espírito Santo - UFES</subfield></datafield>
<datafield tag="520" ind1=" " ind2=" ">
<subfield code="a"> Objective: To determine correlations between age and balance, independence, and depression among the elderly who suffered hip fractures following a fall. Method: The consecutive sample included elderly who had suffered hip fractures within the past 24 months. We evaluated 14 elderly patients (12 women and two men); with an average age of 78 ± 6.9 years old. A questionnaire was applied to obtain general data, Timed Up and Go (TUG test), Berg Balance Scale (BBS), Geriatric Depression Scale - Short form (GDS-S), Barthel Index (BI), and Waist-hip ratio (WHR). We used the one-way ANOVA, t-test, and Pearson correlation tests with a significance levels of 5%. Results: Mean tests: BBS (35.38 ± 33.06), the TUG test (28.40 ± 10.59), the pre-fall GDS-S 6.33 ± 1.52, the post-fall GDS-S 7.66 ± 1.52, and the WHR 1.05 ± 0.35 for men and 0.92 ± 0.12 for women. The Barthel Index pre-fall was 16.20 ± 5.4 and the Barthel Index post-fall was 15.12 ± 6.78. The greater the age, the longer the stay, but there was no correlation between age and function. There was a negative correlation between age and balance, but age was not related to the level of depression. Conclusion: A positive correlation was found between age and length of stay and a negative correlation was found between age and balance. There was a decrease in the BBS, and an increase in the length of the TUG test and WHR. </subfield>
</datafield>
<datafield tag="260" ind1=" " ind2=" ">
<subfield code="b">Faculdade de Medicina, Universidade de São Paulo</subfield>
</datafield>
<dataField tag="260" ind1=" " ind2=" ">
<subfield code="c">2012-03-09 00:00:00</subfield>
</dataField>   <datafield tag="856" ind1=" " ind2=" ">
<subfield code="q">application/pdf</subfield>
</datafield>
<datafield tag="856" ind1=" " ind2=" ">
<subfield code="q">application/pdf</subfield>
</datafield>
<datafield tag="856" ind1="4" ind2="0">
<subfield code="u">https://www.revistas.usp.br/actafisiatrica/article/view/103678</subfield>
</datafield>  <datafield tag="786" ind1="0" ind2=" ">
<subfield code="n">Acta Fisiátrica; v. 19 n. 1 (2012)</subfield>
</datafield>  <datafield tag="546" ind1=" " ind2=" ">
<subfield code="a">eng</subfield>
</datafield>   <datafield tag="540" ind1=" " ind2=" ">
<subfield code="a">Copyright (c) 2012 Acta Fisiátrica</subfield>
</datafield>
</record>
</metadata>
</record>