
<record>
<header>
<identifier>oai:revistas.usp.br:article/103679</identifier>
<datestamp>2019-09-27T13:51:08Z</datestamp>
<setSpec>actafisiatrica:Art.+Rev.</setSpec>
<setSpec>driver</setSpec>
</header>
<metadata>
<record xmlns="http://www.loc.gov/MARC21/slim" xmlns:xsi="http://www.w3.org/2001/XMLSchema-instance" xsi:schemaLocation="http://www.loc.gov/MARC21/slim http://www.loc.gov/standards/marcxml/schema/MARC21slim.xsd">
<leader>     nmb a2200000Iu 4500</leader>
<controlfield tag="008">"120309 2012                        eng  "</controlfield>
<datafield tag="022" ind1="#" ind2="#">
<subfield code="$a">2317-0190</subfield>
</datafield>
<datafield tag="022" ind1="#" ind2="#">
<subfield code="$a">0104-7795</subfield>
</datafield>
<datafield tag="042" ind1=" " ind2=" ">
<subfield code="a">dc</subfield>
</datafield>
<datafield tag="245" ind1="0" ind2="0">
<subfield code="a">A influência da terapia por exercício com espelho nas limitações funcionais dos pacientes hemiparéticos: uma revisão sistemática</subfield>
</datafield>  <datafield tag="720" ind1="1" ind2=" ">
<subfield code="a">Conceição, Lívia Portugal da</subfield>
<subfield code="u">Universidade de São Paulo. Faculdade de Medicina</subfield></datafield>
<datafield tag="720" ind1="1" ind2=" ">
<subfield code="a">Souza, Priscila de</subfield>
<subfield code="u">Universidade de São Paulo. Faculdade de Medicina</subfield></datafield>
<datafield tag="720" ind1="1" ind2=" ">
<subfield code="a">Cardoso, Leyne de Andrade</subfield>
<subfield code="u">Universidade de São Paulo. Faculdade de Medicina</subfield></datafield>
<datafield tag="520" ind1=" " ind2=" ">
<subfield code="a"> The purpose of this study was to assess the influence of mirror therapy (MT) on sensory and motor deficits of hemiparetic patients affected by stroke, through systematic review. Method: A review was performed in the LILACS, MEDLINE, PubMed and SciELO databases, covering the last 12 years. The classification of articles was made through the PEDro platform. Results: This study included all five articles, clinical trials, and randomized controlled trial, which used MT in the treatment of hemiparetic patients. The scores of studies ranged from 4 to 7 by the PEDro scale, with an average grade of 6.2. Discussion: Some studies have shown that MT is beneficial to increase the accuracy, range, and speed of movement and other studies have indicated that there is a greater recovery and motor function in patients treated with MT. One study analyzed hemiparetic patients with acute stroke and with complex regional pain syndrome type 1 (CRPSt1), concluding that MT improves motor and sensory function. Conclusion: MT is beneficial for motor recovery, sensorymotor function, and decreased pain. Individuals affected by stroke require physical therapy and the amount of therapy can influence the motor learning and neural plasticity. We know the importance of intensive stimulation to increase the adaptive capacity of the central nervous system in response to experiences, and adaptations to repeated stimuli under various conditions. Thus, it is necessary to carry out new clinical protocols with different frequencies to show future results with reality in rehabilitation centers. </subfield>
</datafield>
<datafield tag="260" ind1=" " ind2=" ">
<subfield code="b">Faculdade de Medicina, Universidade de São Paulo</subfield>
</datafield>
<dataField tag="260" ind1=" " ind2=" ">
<subfield code="c">2012-03-09 00:00:00</subfield>
</dataField>   <datafield tag="856" ind1=" " ind2=" ">
<subfield code="q">application/pdf</subfield>
</datafield>
<datafield tag="856" ind1=" " ind2=" ">
<subfield code="q">application/pdf</subfield>
</datafield>
<datafield tag="856" ind1="4" ind2="0">
<subfield code="u">https://www.revistas.usp.br/actafisiatrica/article/view/103679</subfield>
</datafield>  <datafield tag="786" ind1="0" ind2=" ">
<subfield code="n">Acta Fisiátrica; v. 19 n. 1 (2012)</subfield>
</datafield>  <datafield tag="546" ind1=" " ind2=" ">
<subfield code="a">eng</subfield>
</datafield>   <datafield tag="540" ind1=" " ind2=" ">
<subfield code="a">Copyright (c) 2012 Acta Fisiátrica</subfield>
</datafield>
</record>
</metadata>
</record>