
<record>
<header>
<identifier>oai:revistas.usp.br:article/103682</identifier>
<datestamp>2019-09-27T14:01:10Z</datestamp>
<setSpec>actafisiatrica:Rel.+Caso</setSpec>
<setSpec>driver</setSpec>
</header>
<metadata>
<record xmlns="http://www.loc.gov/MARC21/slim" xmlns:xsi="http://www.w3.org/2001/XMLSchema-instance" xsi:schemaLocation="http://www.loc.gov/MARC21/slim http://www.loc.gov/standards/marcxml/schema/MARC21slim.xsd">
<leader>     nmb a2200000Iu 4500</leader>
<controlfield tag="008">"120309 2012                        eng  "</controlfield>
<datafield tag="022" ind1="#" ind2="#">
<subfield code="$a">2317-0190</subfield>
</datafield>
<datafield tag="022" ind1="#" ind2="#">
<subfield code="$a">0104-7795</subfield>
</datafield>
<datafield tag="042" ind1=" " ind2=" ">
<subfield code="a">dc</subfield>
</datafield>
<datafield tag="245" ind1="0" ind2="0">
<subfield code="a">Interferência da fisioterapia aquática na agilidade de paciente com distrofia muscular de Duchenne não deambulador</subfield>
</datafield>  <datafield tag="720" ind1="1" ind2=" ">
<subfield code="a">Silva, Kaitiana Martins da</subfield>
<subfield code="u">Universidade Federal de São Carlos - UFSCar</subfield></datafield>
<datafield tag="720" ind1="1" ind2=" ">
<subfield code="a">Braga, Douglas Martins</subfield>
<subfield code="u">Associação de Assistência à Criança Deficiente - AACD</subfield></datafield>
<datafield tag="720" ind1="1" ind2=" ">
<subfield code="a">Hengles, Ricardo Cristian</subfield>
<subfield code="u">Associação de Assistência à Criança Deficiente - AACD</subfield></datafield>
<datafield tag="720" ind1="1" ind2=" ">
<subfield code="a">Beas, Allan Rogers Venditi</subfield>
<subfield code="u">Associação de Assistência à Criança Deficiente - AACD</subfield></datafield>
<datafield tag="720" ind1="1" ind2=" ">
<subfield code="a">Rocco, Fernanda Moraes</subfield>
<subfield code="u">Associação de Assistência à Criança Deficiente - AACD</subfield></datafield>
<datafield tag="520" ind1=" " ind2=" ">
<subfield code="a"> Duchenne Muscular Dystrophy (DMD) is a progressive disease. The inability to walk is common in early adolescence, and with the restriction to a wheelchair at this stage of the disease, the wheelchair becomes the patient’s only form of locomotion. Their agility in the wheelchair is a key factor for the functional independence of these individuals. Objective: The objective of this study was to verify the impact of aquatic therapy on non-ambulatory children with DMD. Method: This study has a prospective, interventional, clinical character. The patient underwent ten sessions of aquatic therapy as an intervention, using the following assessment tools: EgenKlassifikation scale, zigzag agility test, oxygen saturation (SatO2), respiratory rate (RR), forced vital capacity (FVC), tidal volume (TV), minute volume (MV), peak cough flow (PCF), and maximal inspiratory (PImax) and maximal expiratory (PEmax) pressures. The intervention protocol of aquatic therapy was defined focusing on the agility in maneuvering the wheelchair. Results: Improvement in agility was observed in moving wheelchair, maintenance of the EK scale score, and a decrease in TV, MV, and PCF. Conclusion: The results showed that for this patient, aquatic therapy may intervene positively in his mobile agility in the wheelchair. </subfield>
</datafield>
<datafield tag="260" ind1=" " ind2=" ">
<subfield code="b">Faculdade de Medicina, Universidade de São Paulo</subfield>
</datafield>
<dataField tag="260" ind1=" " ind2=" ">
<subfield code="c">2012-03-09 00:00:00</subfield>
</dataField>   <datafield tag="856" ind1=" " ind2=" ">
<subfield code="q">application/pdf</subfield>
</datafield>
<datafield tag="856" ind1=" " ind2=" ">
<subfield code="q">application/pdf</subfield>
</datafield>
<datafield tag="856" ind1="4" ind2="0">
<subfield code="u">https://www.revistas.usp.br/actafisiatrica/article/view/103682</subfield>
</datafield>  <datafield tag="786" ind1="0" ind2=" ">
<subfield code="n">Acta Fisiátrica; v. 19 n. 1 (2012)</subfield>
</datafield>  <datafield tag="546" ind1=" " ind2=" ">
<subfield code="a">eng</subfield>
</datafield>   <datafield tag="540" ind1=" " ind2=" ">
<subfield code="a">Copyright (c) 2012 Acta Fisiátrica</subfield>
</datafield>
</record>
</metadata>
</record>