
<record>
<header>
<identifier>oai:revistas.usp.br:article/103686</identifier>
<datestamp>2019-11-26T14:43:26Z</datestamp>
<setSpec>actafisiatrica:Art.+Orig.</setSpec>
<setSpec>driver</setSpec>
</header>
<metadata>
<record xmlns="http://www.loc.gov/MARC21/slim" xmlns:xsi="http://www.w3.org/2001/XMLSchema-instance" xsi:schemaLocation="http://www.loc.gov/MARC21/slim http://www.loc.gov/standards/marcxml/schema/MARC21slim.xsd">
<leader>     nmb a2200000Iu 4500</leader>
<controlfield tag="008">"120609 2012                        eng  "</controlfield>
<datafield tag="022" ind1="#" ind2="#">
<subfield code="$a">2317-0190</subfield>
</datafield>
<datafield tag="022" ind1="#" ind2="#">
<subfield code="$a">0104-7795</subfield>
</datafield>
<datafield tag="042" ind1=" " ind2=" ">
<subfield code="a">dc</subfield>
</datafield>
<datafield tag="245" ind1="0" ind2="0">
<subfield code="a">Acidente vascular cerebral crônico: reabilitação</subfield>
</datafield>  <datafield tag="720" ind1="1" ind2=" ">
<subfield code="a">Terranova, Thaís Tavares</subfield>
</datafield>
<datafield tag="720" ind1="1" ind2=" ">
<subfield code="a">Albieri, Fabiola Olea</subfield>
</datafield>
<datafield tag="720" ind1="1" ind2=" ">
<subfield code="a">Almeida, Munique Dias de</subfield>
</datafield>
<datafield tag="720" ind1="1" ind2=" ">
<subfield code="a">Ayres, Denise Vianna Machado</subfield>
</datafield>
<datafield tag="720" ind1="1" ind2=" ">
<subfield code="a">Cruz, Sissi Farrardo da</subfield>
</datafield>
<datafield tag="720" ind1="1" ind2=" ">
<subfield code="a">Milazzotto, Mariana Vita</subfield>
</datafield>
<datafield tag="720" ind1="1" ind2=" ">
<subfield code="a">Tsukimoto, Denise Rodrigues</subfield>
</datafield>
<datafield tag="720" ind1="1" ind2=" ">
<subfield code="a">Imamura, Marta</subfield>
<subfield code="0">https://orcid.org/0000-0003-0355-9697</subfield></datafield>
<datafield tag="720" ind1="1" ind2=" ">
<subfield code="a">Battistella, Linamara Rizzo</subfield>
<subfield code="0">https://orcid.org/0000-0001-5275-0733</subfield></datafield>
<datafield tag="520" ind1=" " ind2=" ">
<subfield code="a"> Este estudo revisou artigos nas bases de dados do MEDLINE (Pub-Med) e demais fontes de pesquisa, sem limite de tempo. Para tanto, adotou-se a estratégia de busca baseada em perguntas estruturadas na forma (P.I.C.O.) das iniciais: &quot;Paciente&quot;; &quot;Intervençao&quot;; &quot;Controle&quot; e &quot;Outcome&quot;. Como descritores utilizaram-se: (stroke OR cerebrovascular disorders OR intracranial arteriosclerosis OR intracranial embolism and thrombosis) AND exercise therapy AND upper extremity; (stroke OR cerebrovascular disorders OR intracranial arteriosclerosis OR intracranial embolism and thrombosis) AND restraint induced therapy; stroke AND exercise therapy AND upper extremity; (intracranial arteriosclerosis OR intracranial embolism and thrombosis OR stroke OR cerebrovascular disorders) AND electric stimulation therapy AND upper extremity; (intracranial arteriosclerosis OR intracranial embolism and thrombosis OR stroke OR cerebrovascular disorders) AND (orthotic devices OR splints) AND upper extremity;knowledge of Results OR biofeedback OR electromyography AND stroke OR cerebrovascular disorders OR intracranial arteriosclerosis OR intracranial embolism and thrombosis AND rehabilitation; stroke AND upper extremity AND functional laterality; stroke AND upper extremity AND robotics AND physical therapy modalities; stroke AND body weight supports treadmill training AND floor walking; stroke AND gait disorders AND (treadmill exercises OR floor walking); stroke AND postural balance AND physical therapy modalities; stroke AND postural balance AND feedback, sensory; (stroke OR hemiplegia) AND gait disorders, neurologic AND orthotic devices; (stroke OR hemiplegia) AND gait disorders, neurologic AND (feedback, sensory OR proprioception). stroke AND (TENS OR transcutaneous electric stimulation); (stroke OR hemiplegic) AND electric stimulation therapy AND muscle spasticity; hemiplegic AND electric stimulation therapy AND spasticity; stroke AND (virtual reality OR wii game); (stroke OR cerebrovascular disorders OR intracranial arteriosclerosis OR intracranial embolism OR thrombosis) AND resistance training AND recovery function; stroke AND biofeedback, psychology AND Electromyography AND gait; (stroke OR cerebrovascular disorders OR intracranial arteriosclerosis OR intracranial embolism and thrombosis) AND biofeedback, psychology AND (gait OR gait disorders, neurologic). </subfield>
</datafield>
<datafield tag="260" ind1=" " ind2=" ">
<subfield code="b">Faculdade de Medicina, Universidade de São Paulo</subfield>
</datafield>
<dataField tag="260" ind1=" " ind2=" ">
<subfield code="c">2012-06-09 00:00:00</subfield>
</dataField>   <datafield tag="856" ind1=" " ind2=" ">
<subfield code="q">application/pdf</subfield>
</datafield>
<datafield tag="856" ind1=" " ind2=" ">
<subfield code="q">application/pdf</subfield>
</datafield>
<datafield tag="856" ind1="4" ind2="0">
<subfield code="u">https://www.revistas.usp.br/actafisiatrica/article/view/103686</subfield>
</datafield>  <datafield tag="786" ind1="0" ind2=" ">
<subfield code="n">Acta Fisiátrica; v. 19 n. 2 (2012)</subfield>
</datafield>  <datafield tag="546" ind1=" " ind2=" ">
<subfield code="a">por</subfield>
</datafield>   <datafield tag="540" ind1=" " ind2=" ">
<subfield code="a">Copyright (c) 2012 Acta Fisiátrica</subfield>
</datafield>
</record>
</metadata>
</record>
<resumptionToken expirationDate="2023-08-08T14:50:11Z" completeListSize="935" cursor="400">f6b76868416f83d53d4e2b7825642606</resumptionToken>
</ListRecords>
</OAI-PMH> 